@article{aaron1994management,
  title={The management of cancer metastatic to bone},
  author={Aaron, Alan D},
  journal={Jama},
  volume={272},
  number={15},
  pages={1206--1209},
  year={1994},
  publisher={American Medical Association}
}

@article{acar2020exploiting,
  title={Exploiting evolutionary steering to induce collateral drug sensitivity in cancer},
  author={Acar, Ahmet and Nichol, Daniel and Fernandez-Mateos, Javier and Cresswell, George D and Barozzi, Iros and Hong, Sung Pil and Trahearn, Nicholas and Spiteri, Inmaculada and Stubbs, Mark and Burke, Rosemary and others},
  journal={Nature communications},
  volume={11},
  number={1},
  pages={1923},
  year={2020},
  publisher={Nature Publishing Group UK London}
}

@article{adams2019current,
  title={Current landscape of immunotherapy in breast cancer: a review},
  author={Adams, Sylvia and Gatti-Mays, Margaret E and Kalinsky, Kevin and Korde, Larissa A and Sharon, Elad and Amiri-Kordestani, Laleh and Bear, Harry and McArthur, Heather L and Frank, Elizabeth and Perlmutter, Jane and others},
  journal={JAMA oncology},
  volume={5},
  number={8},
  pages={1205--1214},
  year={2019},
  publisher={American Medical Association}
}

@article{adzhubei2013predicting,
  title={Predicting functional effect of human missense mutations using PolyPhen-2},
  author={Adzhubei, Ivan and Jordan, Daniel M and Sunyaev, Shamil R},
  journal={Current protocols in human genetics},
  volume={76},
  number={1},
  pages={7--20},
  year={2013},
  publisher={Wiley Online Library}
}

@article{aibar2017scenic,
  title={SCENIC: single-cell regulatory network inference and clustering},
  author={Aibar, Sara and Gonz{\'a}lez-Blas, Carmen Bravo and Moerman, Thomas and Huynh-Thu, V{\^a}n Anh and Imrichova, Hana and Hulselmans, Gert and Rambow, Florian and Marine, Jean-Christophe and Geurts, Pierre and Aerts, Jan and others},
  journal={Nature methods},
  volume={14},
  number={11},
  pages={1083--1086},
  year={2017},
  publisher={Nature Publishing Group US New York}
}

@book{alberts2017molecular,
  title={Molecular biology of the cell},
  author={Alberts, Bruce},
  year={2017},
  publisher={Garland science}
}

@article{alemany2018whole,
  title={Whole-organism clone tracing using single-cell sequencing},
  author={Alemany, Anna and Florescu, Maria and Baron, Chlo{\'e} S and Peterson-Maduro, Josi and Van Oudenaarden, Alexander},
  journal={Nature},
  volume={556},
  number={7699},
  pages={108--112},
  year={2018},
  publisher={Nature Publishing Group UK London}
}

@article{alimirzaie2019liquid,
  title={Liquid biopsy in breast cancer: A comprehensive review},
  author={Alimirzaie, Sahar and Bagherzadeh, Maryam and Akbari, Mohammad R},
  journal={Clinical genetics},
  volume={95},
  number={6},
  pages={643--660},
  year={2019},
  publisher={Wiley Online Library}
}

@book{american2019breast,
  title={Breast cancer facts \& figures},
  author={American Cancer Society},
  year={2019},
  publisher={American Cancer Society}
}

@article{an2010bcr,
  title={BCR-ABL tyrosine kinase inhibitors in the treatment of Philadelphia chromosome positive chronic myeloid leukemia: a review},
  author={An, Xin and Tiwari, Amit K and Sun, Yibo and Ding, Pei-Rong and Ashby Jr, Charles R and Chen, Zhe-Sheng},
  journal={Leukemia research},
  volume={34},
  number={10},
  pages={1255--1268},
  year={2010},
  publisher={Elsevier}
}

@article{andre2019alpelisib,
  title={Alpelisib for PIK3CA-mutated, hormone receptor--positive advanced breast cancer},
  author={Andr{\'e}, Fabrice and Ciruelos, Eva and Rubovszky, Gabor and Campone, Mario and Loibl, Sibylle and Rugo, Hope S and Iwata, Hiroji and Conte, Pierfranco and Mayer, Ingrid A and Kaufman, Bella and others},
  journal={New England Journal of Medicine},
  volume={380},
  number={20},
  pages={1929--1940},
  year={2019},
  publisher={Mass Medical Soc}
}

@article{angermueller2016parallel,
  title={Parallel single-cell sequencing links transcriptional and epigenetic heterogeneity},
  author={Angermueller, Christof and Clark, Stephen J and Lee, Heather J and Macaulay, Iain C and Teng, Mabel J and Hu, Tim Xiaoming and Krueger, Felix and Smallwood, S{\'e}bastien A and Ponting, Chris P and Voet, Thierry and others},
  journal={Nature methods},
  volume={13},
  number={3},
  pages={229--232},
  year={2016},
  publisher={Nature Publishing Group US New York}
}

@article{ashburner2000gene,
  title={Gene ontology: tool for the unification of biology},
  author={Ashburner, Michael and Ball, Catherine A and Blake, Judith A and Botstein, David and Butler, Heather and Cherry, J Michael and Davis, Allan P and Dolinski, Kara and Dwight, Selina S and Eppig, Janan T and others},
  journal={Nature genetics},
  volume={25},
  number={1},
  pages={25--29},
  year={2000},
  publisher={Nature Publishing Group}
}

@article{attaf2019fb5p,
  title={FB5P-seq: FACS-based 5-prime end single-cell RNAseq for integrative analysis of transcriptome and antigen receptor repertoire in B and T cells},
  author={Attaf-Bouabdallah, Noudjoud and Cervera-Marzal, I{\~n}aki and Dong, Chuang and Gil, Laurine and Renand, Am{\'e}d{\'e}e and Spinelli, Lionel and Milpied, Pierre},
  journal={bioRxiv},
  pages={795575},
  year={2019},
  publisher={Cold Spring Harbor Laboratory}
}

@article{azizi2018single,
  title={Single-cell map of diverse immune phenotypes in the breast tumor microenvironment},
  author={Azizi, Elham and Carr, Ambrose J and Plitas, George and Cornish, Andrew E and Konopacki, Catherine and Prabhakaran, Sandhya and Nainys, Juozas and Wu, Kenmin and Kiseliovas, Vaidotas and Setty, Manu and others},
  journal={Cell},
  volume={174},
  number={5},
  pages={1293--1308},
  year={2018},
  publisher={Elsevier}
}

@article{bach2017differentiation,
  title={Differentiation dynamics of mammary epithelial cells revealed by single-cell RNA sequencing},
  author={Bach, Karsten and Pensa, Sara and Grzelak, Marta and Hadfield, James and Adams, David J and Marioni, John C and Khaled, Walid T},
  journal={Nature communications},
  volume={8},
  number={1},
  pages={1--11},
  year={2017},
  publisher={Nature Publishing Group}
}

@article{bahreini2017mutation,
  title={Mutation site and context dependent effects of ESR1 mutation in genome-edited breast cancer cell models},
  author={Bahreini, Amir and Li, Zheqi and Wang, Peilu and Levine, Kevin M and Tasdemir, Nilgun and Cao, Lan and Weir, Hazel M and Puhalla, Shannon L and Davidson, Nancy E and Stern, Andrew M and others},
  journal={Breast Cancer Research},
  volume={19},
  pages={1--10},
  year={2017},
  publisher={Springer}
}

@article{bajrami2018cadherin,
  title={E-cadherin/ROS1 inhibitor synthetic lethality in breast cancer},
  author={Bajrami, Ilirjana and Marlow, Rebecca and van de Ven, Marieke and Brough, Rachel and Pemberton, Helen N and Frankum, Jessica and Song, Feifei and Rafiq, Rumana and Konde, Asha and Krastev, Dragomir B and others},
  journal={Cancer discovery},
  volume={8},
  number={4},
  pages={498--515},
  year={2018},
  publisher={AACR}
}

@article{barbie2009systematic,
  title={Systematic RNA interference reveals that oncogenic KRAS-driven cancers require TBK1},
  author={Barbie, David A and Tamayo, Pablo and Boehm, Jesse S and Kim, So Young and Moody, Susan E and Dunn, Ian F and Schinzel, Anna C and Sandy, Peter and Meylan, Etienne and Scholl, Claudia and others},
  journal={Nature},
  volume={462},
  number={7269},
  pages={108--112},
  year={2009},
  publisher={Nature Publishing Group UK London}
}

@article{bardia2017efficacy,
  title={Efficacy and safety of anti-trop-2 antibody drug conjugate sacituzumab govitecan (IMMU-132) in heavily pretreated patients with metastatic triple-negative breast cancer},
  author={Bardia, Aditya and Mayer, Ingrid A and Diamond, Jennifer R and Moroose, Rebecca L and Isakoff, Steven J and Starodub, Alexander N and Shah, Nikita C and O’Shaughnessy, Joyce and Kalinsky, Kevin and Guarino, Michael and others},
  journal={Journal of Clinical Oncology},
  volume={35},
  number={19},
  pages={2141},
  year={2017},
  publisher={American Society of Clinical Oncology}
}

@article{bartoschek2018spatially,
  title={Spatially and functionally distinct subclasses of breast cancer-associated fibroblasts revealed by single cell RNA sequencing},
  author={Bartoschek, Michael and Oskolkov, Nikolay and Bocci, Matteo and L{\"o}vrot, John and Larsson, Christer and Sommarin, Mikael and Madsen, Chris D and Lindgren, David and Pekar, Gyula and Karlsson, G{\"o}ran and others},
  journal={Nature communications},
  volume={9},
  number={1},
  pages={5150},
  year={2018},
  publisher={Nature Publishing Group UK London}
}

@article{barzak2019selective,
  title={Selective inhibition of APOBEC3 enzymes by single-stranded DNAs containing 2′-deoxyzebularine},
  author={Barzak, Fareeda M and Harjes, Stefan and Kvach, Maksim V and Kurup, Harikrishnan M and Jameson, Geoffrey B and Filichev, Vyacheslav V and Harjes, Elena},
  journal={Organic \& Biomolecular Chemistry},
  volume={17},
  number={43},
  pages={9435--9441},
  year={2019},
  publisher={Royal Society of Chemistry}
}

@article{becht2019dimensionality,
  title={Dimensionality reduction for visualizing single-cell data using UMAP},
  author={Becht, Etienne and McInnes, Leland and Healy, John and Dutertre, Charles-Antoine and Kwok, Immanuel WH and Ng, Lai Guan and Ginhoux, Florent and Newell, Evan W},
  journal={Nature biotechnology},
  volume={37},
  number={1},
  pages={38--44},
  year={2019},
  publisher={Nature Publishing Group US New York}
}

@article{beije2018estrogen,
  title={Estrogen receptor mutations and splice variants determined in liquid biopsies from metastatic breast cancer patients},
  author={Beije, Nick and Sieuwerts, Anieta M and Kraan, Jaco and Van, Ngoc M and Onstenk, Wendy and Vitale, Silvia R and van der Vlugt-Daane, Michelle and Dirix, Luc Y and Brouwer, Anja and Hamberg, Paul and others},
  journal={Molecular oncology},
  volume={12},
  number={1},
  pages={48--57},
  year={2018},
  publisher={Wiley Online Library}
}

@article{ben2018genetic,
  title={Genetic and transcriptional evolution alters cancer cell line drug response},
  author={Ben-David, Uri and Siranosian, Benjamin and Ha, Gavin and Tang, Helen and Oren, Yaara and Hinohara, Kunihiko and Strathdee, Craig A and Dempster, Joshua and Lyons, Nicholas J and Burns, Robert and others},
  journal={Nature},
  volume={560},
  number={7718},
  pages={325--330},
  year={2018},
  publisher={Nature Publishing Group UK London}
}

@article{bendall2011single,
  title={Single-cell mass cytometry of differential immune and drug responses across a human hematopoietic continuum},
  author={Bendall, Sean C and Simonds, Erin F and Qiu, Peng and Amir, El-ad D and Krutzik, Peter O and Finck, Rachel and Bruggner, Robert V and Melamed, Rachel and Trejo, Angelica and Ornatsky, Olga I and others},
  journal={Science},
  volume={332},
  number={6030},
  pages={687--696},
  year={2011},
  publisher={American Association for the Advancement of Science}
}

@article{bergen2020generalizing,
  title={Generalizing RNA velocity to transient cell states through dynamical modeling},
  author={Bergen, Volker and Lange, Marius and Peidli, Stefan and Wolf, F Alexander and Theis, Fabian J},
  journal={Nature biotechnology},
  volume={38},
  number={12},
  pages={1408--1414},
  year={2020},
  publisher={Nature Publishing Group US New York}
}

@article{bertucci2019genomic,
  title={Genomic characterization of metastatic breast cancers},
  author={Bertucci, Fran{\c{c}}ois and Ng, Charlotte KY and Patsouris, Anne and Droin, Nathalie and Piscuoglio, Salvatore and Carbuccia, Nadine and Soria, Jean Charles and Dien, Alicia Tran and Adnani, Yahia and Kamal, Maud and others},
  journal={Nature},
  volume={569},
  number={7757},
  pages={560--564},
  year={2019},
  publisher={Nature Publishing Group UK London}
}

@article{bidard2014clinical,
  title={Clinical validity of circulating tumour cells in patients with metastatic breast cancer: a pooled analysis of individual patient data},
  author={Bidard, Fran{\c{c}}ois-Cl{\'e}ment and Peeters, Dieter J and Fehm, Tanja and Nol{\'e}, Franco and Gisbert-Criado, Rafael and Mavroudis, Dimitrios and Grisanti, Salvatore and Generali, Daniele and Garcia-Saenz, Jose A and Stebbing, Justin and others},
  journal={The lancet oncology},
  volume={15},
  number={4},
  pages={406--414},
  year={2014},
  publisher={Elsevier}
}

@article{bose2015scalable,
  title={Scalable microfluidics for single-cell RNA printing and sequencing},
  author={Bose, Sayantan and Wan, Zhenmao and Carr, Ambrose and Rizvi, Abbas H and Vieira, Gregory and Pe’er, Dana and Sims, Peter A},
  journal={Genome biology},
  volume={16},
  number={1},
  pages={1--16},
  year={2015},
  publisher={BioMed Central}
}

@article{bossart2019snail,
  title={SNAIL is induced by tamoxifen and leads to growth inhibition in invasive lobular breast carcinoma},
  author={Bossart, Emily A and Tasdemir, Nilgun and Sikora, Matthew J and Bahreini, Amir and Levine, Kevin M and Chen, Jian and Basudan, Ahmed and Jacobsen, Britta M and Burns, Timothy F and Oesterreich, Steffi},
  journal={Breast cancer research and treatment},
  volume={175},
  pages={327--337},
  year={2019},
  publisher={Springer}
}

@article{brastianos2015genomic,
  title={Genomic characterization of brain metastases reveals branched evolution and potential therapeutic targets},
  author={Brastianos, Priscilla K and Carter, Scott L and Santagata, Sandro and Cahill, Daniel P and Taylor-Weiner, Amaro and Jones, Robert T and Van Allen, Eliezer M and Lawrence, Michael S and Horowitz, Peleg M and Cibulskis, Kristian and others},
  journal={Cancer discovery},
  volume={5},
  number={11},
  pages={1164--1177},
  year={2015},
  publisher={AACR}
}

@article{brose2014sorafenib,
  title={Sorafenib in radioactive iodine-refractory, locally advanced or metastatic differentiated thyroid cancer: a randomised, double-blind, phase 3 trial},
  author={Brose, Marcia S and Nutting, Christopher M and Jarzab, Barbara and Elisei, Rossella and Siena, Salvatore and Bastholt, Lars and De La Fouchardiere, Christelle and Pacini, Furio and Paschke, Ralf and Shong, Young Kee and others},
  journal={The Lancet},
  volume={384},
  number={9940},
  pages={319--328},
  year={2014},
  publisher={Elsevier}
}

@article{bruce1970patterns,
  title={Patterns of recurrent disease in breast cancer},
  author={Bruce, John and Carter, DC and Fraser, James},
  journal={The Lancet},
  volume={295},
  number={7644},
  pages={433--435},
  year={1970},
  publisher={Elsevier}
}

@article{buenrostro2015single,
  title={Single-cell chromatin accessibility reveals principles of regulatory variation},
  author={Buenrostro, Jason D and Wu, Beijing and Litzenburger, Ulrike M and Ruff, Dave and Gonzales, Michael L and Snyder, Michael P and Chang, Howard Y and Greenleaf, William J},
  journal={Nature},
  volume={523},
  number={7561},
  pages={486--490},
  year={2015},
  publisher={Nature Publishing Group UK London}
}

@article{byrne2020tissue,
  title={Tissue-resident memory T cells in breast cancer control and immunotherapy responses},
  author={Byrne, Ann and Savas, Peter and Sant, Sneha and Li, Ran and Virassamy, Balaji and Luen, Stephen J and Beavis, Paul A and Mackay, Laura K and Neeson, Paul J and Loi, Sherene},
  journal={Nature reviews Clinical oncology},
  volume={17},
  number={6},
  pages={341--348},
  year={2020},
  publisher={Nature Publishing Group UK London}
}

@article{canel2013cadherin,
  title={E-cadherin--integrin crosstalk in cancer invasion and metastasis},
  author={Canel, Marta and Serrels, Alan and Frame, Margaret C and Brunton, Valerie G},
  journal={Journal of cell science},
  volume={126},
  number={2},
  pages={393--401},
  year={2013},
  publisher={The Company of Biologists Bidder Building, 140 Cowley Road, Cambridge, CB4~…}
}

@article{cao2017comprehensive,
  title={Comprehensive single-cell transcriptional profiling of a multicellular organism},
  author={Cao, Junyue and Packer, Jonathan S and Ramani, Vijay and Cusanovich, Darren A and Huynh, Chau and Daza, Riza and Qiu, Xiaojie and Lee, Choli and Furlan, Scott N and Steemers, Frank J and others},
  journal={Science},
  volume={357},
  number={6352},
  pages={661--667},
  year={2017},
  publisher={American Association for the Advancement of Science}
}

@article{cao2018joint,
  title={Joint profiling of chromatin accessibility and gene expression in thousands of single cells},
  author={Cao, Junyue and Cusanovich, Darren A and Ramani, Vijay and Aghamirzaie, Delasa and Pliner, Hannah A and Hill, Andrew J and Daza, Riza M and McFaline-Figueroa, Jose L and Packer, Jonathan S and Christiansen, Lena and others},
  journal={Science},
  volume={361},
  number={6409},
  pages={1380--1385},
  year={2018},
  publisher={American Association for the Advancement of Science}
}

@article{cardoso201670,
  title={70-gene signature as an aid to treatment decisions in early-stage breast cancer},
  author={Cardoso, Fatima and van’t Veer, Laura J and Bogaerts, Jan and Slaets, Leen and Viale, Giuseppe and Delaloge, Suzette and Pierga, Jean-Yves and Brain, Etienne and Causeret, Sylvain and DeLorenzi, Mauro and others},
  journal={New England Journal of Medicine},
  volume={375},
  number={8},
  pages={717--729},
  year={2016},
  publisher={Mass Medical Soc}
}

@article{carter2009cancer,
  title={Cancer-specific high-throughput annotation of somatic mutations: computational prediction of driver missense mutations},
  author={Carter, Hannah and Chen, Sining and Isik, Leyla and Tyekucheva, Svitlana and Velculescu, Victor E and Kinzler, Kenneth W and Vogelstein, Bert and Karchin, Rachel},
  journal={Cancer research},
  volume={69},
  number={16},
  pages={6660--6667},
  year={2009},
  publisher={AACR}
}

@article{carter2010prioritization,
  title={Prioritization of driver mutations in pancreatic cancer using cancer-specific high-throughput annotation of somatic mutations (CHASM)},
  author={Carter, Hannah and Samayoa, Josue and Hruban, Ralph H and Karchin, Rachel},
  journal={Cancer biology \& therapy},
  volume={10},
  number={6},
  pages={582--587},
  year={2010},
  publisher={Taylor \& Francis}
}

@article{carter2013identifying,
  title={Identifying Mendelian disease genes with the variant effect scoring tool},
  author={Carter, Hannah and Douville, Christopher and Stenson, Peter D and Cooper, David N and Karchin, Rachel},
  journal={BMC genomics},
  volume={14},
  number={3},
  pages={1--16},
  year={2013},
  publisher={BioMed Central}
}

@article{casasent2018multiclonal,
  title={Multiclonal invasion in breast tumors identified by topographic single cell sequencing},
  author={Casasent, Anna K and Schalck, Aislyn and Gao, Ruli and Sei, Emi and Long, Annalyssa and Pangburn, William and Casasent, Tod and Meric-Bernstam, Funda and Edgerton, Mary E and Navin, Nicholas E},
  journal={Cell},
  volume={172},
  number={1},
  pages={205--217},
  year={2018},
  publisher={Elsevier}
}

@article{caughran2018effect,
  title={The Effect of the 2009 USPSTF breast cancer screening recommendations on breast cancer in Michigan: A longitudinal study},
  author={Caughran, Jamie and Braun, Tom M and Breslin, Tara M and Smith, Daniel R and Kreinbrink, Jennifer L and Parish, Grace K and Davis, Alan T and Bacon-Baguley, Teresa A and Silver, Samuel M and Henry, Norah L},
  journal={The breast journal},
  volume={24},
  number={5},
  pages={730--737},
  year={2018},
  publisher={Wiley Online Library}
}

@article{cerami2012cbio,
  title={The cBio cancer genomics portal: an open platform for exploring multidimensional cancer genomics data},
  author={Cerami, Ethan and Gao, Jianjiong and Dogrusoz, Ugur and Gross, Benjamin E and Sumer, Selcuk Onur and Aksoy, B{\"u}lent Arman and Jacobsen, Anders and Byrne, Caitlin J and Heuer, Michael L and Larsson, Erik and others},
  journal={Cancer discovery},
  volume={2},
  number={5},
  pages={401--404},
  year={2012},
  publisher={AACR}
}

@article{chakravarty2017oncokb,
  title={OncoKB: a precision oncology knowledge base},
  author={Chakravarty, Debyani and Gao, Jianjiong and Phillips, Sarah and Kundra, Ritika and Zhang, Hongxin and Wang, Jiaojiao and Rudolph, Julia E and Yaeger, Rona and Soumerai, Tara and Nissan, Moriah H and others},
  journal={JCO precision oncology},
  volume={1},
  pages={1--16},
  year={2017},
  publisher={American Society of Clinical Oncology}
}

@article{chan2017gene,
  title={Gene regulatory network inference from single-cell data using multivariate information measures},
  author={Chan, Thalia E and Stumpf, Michael PH and Babtie, Ann C},
  journal={Cell systems},
  volume={5},
  number={3},
  pages={251--267},
  year={2017},
  publisher={Elsevier}
}

@article{chen2018evaluating,
  title={Evaluating methods of inferring gene regulatory networks highlights their lack of performance for single cell gene expression data},
  author={Chen, Shuonan and Mar, Jessica C},
  journal={BMC bioinformatics},
  volume={19},
  number={1},
  pages={1--21},
  year={2018},
  publisher={BioMed Central}
}

@article{chen2018profiling,
  title={Profiling tumor infiltrating immune cells with CIBERSORT},
  author={Chen, Binbin and Khodadoust, Michael S and Liu, Chih Long and Newman, Aaron M and Alizadeh, Ash A},
  journal={Cancer Systems Biology: Methods and Protocols},
  volume={1711},
  pages={243--259},
  year={2018},
  publisher={Springer}
}

@article{chen2017single,
  title={Single-cell whole-genome analyses by Linear Amplification via Transposon Insertion (LIANTI)},
  author={Chen, Chongyi and Xing, Dong and Tan, Longzhi and Li, Heng and Zhou, Guangyu and Huang, Lei and Xie, X Sunney},
  journal={Science},
  volume={356},
  number={6334},
  pages={189--194},
  year={2017},
  publisher={American Association for the Advancement of Science}
}

@article{chen2018organotropism,
  title={Organotropism: new insights into molecular mechanisms of breast cancer metastasis},
  author={Chen, Wenjing and Hoffmann, Andrew D and Liu, Huiping and Liu, Xia},
  journal={NPJ precision oncology},
  volume={2},
  number={1},
  pages={4},
  year={2018},
  publisher={Nature Publishing Group UK London}
}

@article{cheung2009dna,
  title={DNA methylation of cancer genome},
  author={Cheung, Hoi-Hung and Lee, Tin-Lap and Rennert, Owen M and Chan, Wai-Yee},
  journal={Birth Defects Research Part C: Embryo Today: Reviews},
  volume={87},
  number={4},
  pages={335--350},
  year={2009},
  publisher={Wiley Online Library}
}

@article{christgen2015lobular,
  title={Lobular breast cancer: molecular basis, mouse and cellular models},
  author={Christgen, Matthias and Derksen, Patrick WB},
  journal={Breast Cancer Research},
  volume={17},
  number={1},
  pages={1--9},
  year={2015},
  publisher={BioMed Central}
}

@article{chumsri2019incidence,
  title={Incidence of late relapses in patients with HER2-positive breast cancer receiving adjuvant trastuzumab: combined analysis of NCCTG N9831 (Alliance) and NRG oncology/NSABP B-31},
  author={Chumsri, Saranya and Li, Zhuo and Serie, Daniel J and Mashadi-Hossein, Afshin and Colon-Otero, Gerardo and Song, Nan and Pogue-Geile, Katherine L and Gavin, Patrick G and Paik, Soonmyung and Moreno-Aspitia, Alvaro and others},
  journal={Journal of Clinical Oncology},
  volume={37},
  number={35},
  pages={3425},
  year={2019},
  publisher={American Society of Clinical Oncology}
}

@article{chung2019single,
  title={Single-cell chromatin analysis of mammary gland development reveals cell-state transcriptional regulators and lineage relationships},
  author={Chung, Chi-Yeh and Ma, Zhibo and Dravis, Christopher and Preissl, Sebastian and Poirion, Olivier and Luna, Gidsela and Hou, Xiaomeng and Giraddi, Rajshekhar R and Ren, Bing and Wahl, Geoffrey M},
  journal={Cell reports},
  volume={29},
  number={2},
  pages={495--510},
  year={2019},
  publisher={Elsevier}
}

@article{chung2017single,
  title={Single-cell RNA-seq enables comprehensive tumour and immune cell profiling in primary breast cancer},
  author={Chung, Woosung and Eum, Hye Hyeon and Lee, Hae-Ock and Lee, Kyung-Min and Lee, Han-Byoel and Kim, Kyu-Tae and Ryu, Han Suk and Kim, Sangmin and Lee, Jeong Eon and Park, Yeon Hee and others},
  journal={Nature communications},
  volume={8},
  number={1},
  pages={15081},
  year={2017},
  publisher={Nature Publishing Group UK London}
}

@article{ciriello2015comprehensive,
  title={Comprehensive molecular portraits of invasive lobular breast cancer},
  author={Ciriello, Giovanni and Gatza, Michael L and Beck, Andrew H and Wilkerson, Matthew D and Rhie, Suhn K and Pastore, Alessandro and Zhang, Hailei and McLellan, Michael and Yau, Christina and Kandoth, Cyriac and others},
  journal={Cell},
  volume={163},
  number={2},
  pages={506--519},
  year={2015},
  publisher={Elsevier}
}

@article{codeluppi2018spatial,
  title={Spatial organization of the somatosensory cortex revealed by osmFISH},
  author={Codeluppi, Simone and Borm, Lars E and Zeisel, Amit and La Manno, Gioele and van Lunteren, Josina A and Svensson, Camilla I and Linnarsson, Sten},
  journal={Nature methods},
  volume={15},
  number={11},
  pages={932--935},
  year={2018},
  publisher={Nature Publishing Group US New York}
}

@article{coifman2005geometric,
  title={Geometric diffusions as a tool for harmonic analysis and structure definition of data: Diffusion maps},
  author={Coifman, Ronald R and Lafon, Stephane and Lee, Ann B and Maggioni, Mauro and Nadler, Boaz and Warner, Frederick and Zucker, Steven W},
  journal={Proceedings of the national academy of sciences},
  volume={102},
  number={21},
  pages={7426--7431},
  year={2005},
  publisher={National Acad Sciences}
}

@article{colacino2018heterogeneity,
  title={Heterogeneity of human breast stem and progenitor cells as revealed by transcriptional profiling},
  author={Colacino, Justin A and Azizi, Ebrahim and Brooks, Michael D and Harouaka, Ramdane and Fouladdel, Shamileh and McDermott, Sean P and Lee, Michael and Hill, David and Madden, Julie and Boerner, Julie and others},
  journal={Stem Cell Reports},
  volume={10},
  number={5},
  pages={1596--1609},
  year={2018},
  publisher={Elsevier}
}

@article{colbeck2017tertiary,
  title={Tertiary lymphoid structures in cancer: drivers of antitumor immunity, immunosuppression, or bystander sentinels in disease?},
  author={Colbeck, Emily Jayne and Ager, Ann and Gallimore, Awen and Jones, Gareth Wyn},
  journal={Frontiers in immunology},
  volume={8},
  pages={1830},
  year={2017},
  publisher={Frontiers Media SA}
}

@article{curtis2012genomic,
  title={The genomic and transcriptomic architecture of 2,000 breast tumours reveals novel subgroups},
  author={Curtis, Christina and Shah, Sohrab P and Chin, Suet-Feung and Turashvili, Gulisa and Rueda, Oscar M and Dunning, Mark J and Speed, Doug and Lynch, Andy G and Samarajiwa, Shamith and Yuan, Yinyin and others},
  journal={Nature},
  volume={486},
  number={7403},
  pages={346--352},
  year={2012},
  publisher={Nature Publishing Group UK London}
}

@article{cusanovich2015multiplex,
  title={Multiplex single-cell profiling of chromatin accessibility by combinatorial cellular indexing},
  author={Cusanovich, Darren A and Daza, Riza and Adey, Andrew and Pliner, Hannah A and Christiansen, Lena and Gunderson, Kevin L and Steemers, Frank J and Trapnell, Cole and Shendure, Jay},
  journal={Science},
  volume={348},
  number={6237},
  pages={910--914},
  year={2015},
  publisher={American Association for the Advancement of Science}
}

@article{daemen2013modeling,
  title={Modeling precision treatment of breast cancer},
  author={Daemen, Anneleen and Griffith, Obi L and Heiser, Laura M and Wang, Nicholas J and Enache, Oana M and Sanborn, Zachary and Pepin, Francois and Durinck, Steffen and Korkola, James E and Griffith, Malachi and others},
  journal={Genome biology},
  volume={14},
  pages={1--14},
  year={2013},
  publisher={Springer}
}

@article{dagogo2018tumour,
  title={Tumour heterogeneity and resistance to cancer therapies},
  author={Dagogo-Jack, Ibiayi and Shaw, Alice T},
  journal={Nature reviews Clinical oncology},
  volume={15},
  number={2},
  pages={81--94},
  year={2018},
  publisher={Nature Publishing Group UK London}
}

@article{dai2017breast,
  title={Breast cancer cell line classification and its relevance with breast tumor subtyping},
  author={Dai, Xiaofeng and Cheng, Hongye and Bai, Zhonghu and Li, Jia},
  journal={Journal of Cancer},
  volume={8},
  number={16},
  pages={3131},
  year={2017},
  publisher={Ivyspring International Publisher}
}

@article{davidson2020single,
  title={Single-cell RNA sequencing reveals a dynamic stromal niche that supports tumor growth},
  author={Davidson, Sarah and Efremova, Mirjana and Riedel, Angela and Mahata, Bidesh and Pramanik, Jhuma and Huuhtanen, Jani and Kar, Gozde and Vento-Tormo, Roser and Hagai, Tzachi and Chen, Xi and others},
  journal={Cell reports},
  volume={31},
  number={7},
  year={2020},
  publisher={Elsevier}
}

@article{davis2014targeting,
  title={Targeting EMT in cancer: opportunities for pharmacological intervention},
  author={Davis, Felicity M and Stewart, Teneale A and Thompson, Erik W and Monteith, Gregory R},
  journal={Trends in pharmacological sciences},
  volume={35},
  number={9},
  pages={479--488},
  year={2014},
  publisher={Elsevier}
}

@article{deng2003roles,
  title={Roles of BRCA1 in DNA damage repair: a link between development and cancer},
  author={Deng, Chu-Xia and Wang, Rui-Hong},
  journal={Human molecular genetics},
  volume={12},
  number={suppl\_1},
  pages={R113--R123},
  year={2003},
  publisher={Oxford University Press}
}

@article{dent2007triple,
  title={Triple-negative breast cancer: clinical features and patterns of recurrence},
  author={Dent, Rebecca and Trudeau, Maureen and Pritchard, Kathleen I and Hanna, Wedad M and Kahn, Harriet K and Sawka, Carol A and Lickley, Lavina A and Rawlinson, Ellen and Sun, Ping and Narod, Steven A},
  journal={Clinical cancer research},
  volume={13},
  number={15},
  pages={4429--4434},
  year={2007},
  publisher={AACR}
}

@article{depasquale2019doubletdecon,
  title={DoubletDecon: deconvoluting doublets from single-cell RNA-sequencing data},
  author={DePasquale, Erica AK and Schnell, Daniel J and Van Camp, Pieter-Jan and Valiente-Aland{\'\i}, {\'I}{\~n}igo and Blaxall, Burns C and Grimes, H Leighton and Singh, Harinder and Salomonis, Nathan},
  journal={Cell reports},
  volume={29},
  number={6},
  pages={1718--1727},
  year={2019},
  publisher={Elsevier}
}

@article{derksen2011mammary,
  title={Mammary-specific inactivation of E-cadherin and p53 impairs functional gland development and leads to pleomorphic invasive lobular carcinoma in mice},
  author={Derksen, Patrick WB and Braumuller, Tanya M and van der Burg, Eline and Hornsveld, Marten and Mesman, Elly and Wesseling, Jelle and Krimpenfort, Paul and Jonkers, Jos},
  journal={Disease models \& mechanisms},
  volume={4},
  number={3},
  pages={347--358},
  year={2011},
  publisher={The Company of Biologists Limited}
}

@article{dey2015integrated,
  title={Integrated genome and transcriptome sequencing of the same cell},
  author={Dey, Siddharth S and Kester, Lennart and Spanjaard, Bastiaan and Bienko, Magda and Van Oudenaarden, Alexander},
  journal={Nature biotechnology},
  volume={33},
  number={3},
  pages={285--289},
  year={2015},
  publisher={Nature Publishing Group US New York}
}

@article{van2018recovering,
  title={Recovering gene interactions from single-cell data using data diffusion},
  author={Van Dijk, David and Sharma, Roshan and Nainys, Juozas and Yim, Kristina and Kathail, Pooja and Carr, Ambrose J and Burdziak, Cassandra and Moon, Kevin R and Chaffer, Christine L and Pattabiraman, Diwakar and others},
  journal={Cell},
  volume={174},
  number={3},
  pages={716--729},
  year={2018},
  publisher={Elsevier}
}

@article{dixit2016perturb,
  title={Perturb-Seq: dissecting molecular circuits with scalable single-cell RNA profiling of pooled genetic screens},
  author={Dixit, Atray and Parnas, Oren and Li, Biyu and Chen, Jenny and Fulco, Charles P and Jerby-Arnon, Livnat and Marjanovic, Nemanja D and Dionne, Danielle and Burks, Tyler and Raychowdhury, Raktima and others},
  journal={cell},
  volume={167},
  number={7},
  pages={1853--1866},
  year={2016},
  publisher={Elsevier}
}

@article{dossus2015lobular,
  title={Lobular breast cancer: incidence and genetic and non-genetic risk factors},
  author={Dossus, Laure and Benusiglio, Patrick R},
  journal={Breast Cancer Research},
  volume={17},
  number={1},
  pages={1--8},
  year={2015},
  publisher={BioMed Central}
}

@article{dziadkowiec2016parp,
  title={PARP inhibitors: review of mechanisms of action and BRCA1/2 mutation targeting},
  author={Dziadkowiec, Karolina N and G{\k{a}}siorowska, Emilia and Nowak-Markwitz, Ewa and Jankowska, Anna},
  journal={Menopause Review/Przegl{\k{a}}d Menopauzalny},
  volume={15},
  number={4},
  pages={215--219},
  year={2016},
  publisher={Termedia}
}

@article{efremova2020cellphonedb,
  title={CellPhoneDB: inferring cell--cell communication from combined expression of multi-subunit ligand--receptor complexes},
  author={Efremova, Mirjana and Vento-Tormo, Miquel and Teichmann, Sarah A and Vento-Tormo, Roser},
  journal={Nature protocols},
  volume={15},
  number={4},
  pages={1484--1506},
  year={2020},
  publisher={Nature Publishing Group UK London}
}

@article{el2015reconstruction,
  title={Reconstruction of clonal trees and tumor composition from multi-sample sequencing data},
  author={El-Kebir, Mohammed and Oesper, Layla and Acheson-Field, Hannah and Raphael, Benjamin J},
  journal={Bioinformatics},
  volume={31},
  number={12},
  pages={i62--i70},
  year={2015},
  publisher={Oxford University Press}
}

@article{elisei2013cabozantinib,
  title={Cabozantinib in progressive medullary thyroid cancer},
  author={Elisei, Rossella and Schlumberger, Martin J and M{\"u}ller, Stefan P and Sch{\"o}ffski, Patrick and Brose, Marcia S and Shah, Manisha H and Licitra, Lisa and Jarzab, Barbara and Medvedev, Viktor and Kreissl, Michael C and others},
  journal={Journal of clinical oncology},
  volume={31},
  number={29},
  pages={3639},
  year={2013},
  publisher={American Society of Clinical Oncology}
}

@article{ellis2015fulvestrant,
  title={Fulvestrant 500 mg versus anastrozole 1 mg for the first-line treatment of advanced breast cancer: overall survival analysis from the phase II FIRST study},
  author={Ellis, Matthew J and Llombart-Cussac, Antonio and Feltl, David and Dewar, John A and Jasi{\'o}wka, Marek and Hewson, Nicola and Rukazenkov, Yuri and Robertson, John FR},
  journal={Journal of Clinical Oncology},
  volume={33},
  number={32},
  pages={3781},
  year={2015},
  publisher={American Society of Clinical Oncology}
}

@article{eng2019transcriptome,
  title={Transcriptome-scale super-resolved imaging in tissues by RNA seqFISH+},
  author={Eng, Chee-Huat Linus and Lawson, Michael and Zhu, Qian and Dries, Ruben and Koulena, Noushin and Takei, Yodai and Yun, Jina and Cronin, Christopher and Karp, Christoph and Yuan, Guo-Cheng and others},
  journal={Nature},
  volume={568},
  number={7751},
  pages={235--239},
  year={2019},
  publisher={Nature Publishing Group UK London}
}

@article{fan2015single,
  title={Single-cell RNA-seq transcriptome analysis of linear and circular RNAs in mouse preimplantation embryos},
  author={Fan, Xiaoying and Zhang, Xiannian and Wu, Xinglong and Guo, Hongshan and Hu, Yuqiong and Tang, Fuchou and Huang, Yanyi},
  journal={Genome biology},
  volume={16},
  number={1},
  pages={1--17},
  year={2015},
  publisher={BioMed Central}
}

@article{fang2011twist2,
  title={Twist2 contributes to breast cancer progression by promoting an epithelial--mesenchymal transition and cancer stem-like cell self-renewal},
  author={Fang, X and Cai, Y and Liu, J and Wang, Z and Wu, Q and Zhang, Z and Yang, CJ and Yuan, L and Ouyang, G},
  journal={Oncogene},
  volume={30},
  number={47},
  pages={4707--4720},
  year={2011},
  publisher={Nature Publishing Group}
}

@article{findlay2018accurate,
  title={Accurate classification of BRCA1 variants with saturation genome editing},
  author={Findlay, Gregory M and Daza, Riza M and Martin, Beth and Zhang, Melissa D and Leith, Anh P and Gasperini, Molly and Janizek, Joseph D and Huang, Xingfan and Starita, Lea M and Shendure, Jay},
  journal={Nature},
  volume={562},
  number={7726},
  pages={217--222},
  year={2018},
  publisher={Nature Publishing Group UK London}
}

@article{fragomeni2018molecular,
  title={Molecular subtypes and local-regional control of breast cancer},
  author={Fragomeni, Simona Maria and Sciallis, Andrew and Jeruss, Jacqueline S},
  journal={Surgical Oncology Clinics},
  volume={27},
  number={1},
  pages={95--120},
  year={2018},
  publisher={Elsevier}
}

@article{franzen2019panglaodb,
  title={PanglaoDB: a web server for exploration of mouse and human single-cell RNA sequencing data},
  author={Franz{\'e}n, Oscar and Gan, Li-Ming and Bj{\"o}rkegren, Johan LM},
  journal={Database},
  volume={2019},
  pages={baz046},
  year={2019},
  publisher={Oxford University Press}
}

@article{gajria2011her2,
  title={HER2-amplified breast cancer: mechanisms of trastuzumab resistance and novel targeted therapies},
  author={Gajria, Devika and Chandarlapaty, Sarat},
  journal={Expert review of anticancer therapy},
  volume={11},
  number={2},
  pages={263--275},
  year={2011},
  publisher={Taylor \& Francis}
}

@article{gao2014organoid,
  title={Organoid cultures derived from patients with advanced prostate cancer},
  author={Gao, Dong and Vela, Ian and Sboner, Andrea and Iaquinta, Phillip J and Karthaus, Wouter R and Gopalan, Anuradha and Dowling, Catherine and Wanjala, Jackline N and Undvall, Eva A and Arora, Vivek K and others},
  journal={Cell},
  volume={159},
  number={1},
  pages={176--187},
  year={2014},
  publisher={Elsevier}
}

@article{gao2013integrative,
  title={Integrative analysis of complex cancer genomics and clinical profiles using the cBioPortal},
  author={Gao, Jianjiong and Aksoy, B{\"u}lent Arman and Dogrusoz, Ugur and Dresdner, Gideon and Gross, Benjamin and Sumer, S Onur and Sun, Yichao and Jacobsen, Anders and Sinha, Rileen and Larsson, Erik and others},
  journal={Science signaling},
  volume={6},
  number={269},
  pages={pl1--pl1},
  year={2013},
  publisher={American Association for the Advancement of Science}
}

@article{luecken2019current,
  title={Current best practices in single-cell RNA-seq analysis: a tutorial},
  author={Luecken, Malte D and Theis, Fabian J},
  journal={Molecular systems biology},
  volume={15},
  number={6},
  pages={e8746},
  year={2019}
}

@article{gao2016punctuated,
  title={Punctuated copy number evolution and clonal stasis in triple-negative breast cancer},
  author={Gao, Ruli and Davis, Alexander and McDonald, Thomas O and Sei, Emi and Shi, Xiuqing and Wang, Yong and Tsai, Pei-Ching and Casasent, Anna and Waters, Jill and Zhang, Hong and others},
  journal={Nature genetics},
  volume={48},
  number={10},
  pages={1119--1130},
  year={2016},
  publisher={Nature Publishing Group US New York}
}

@article{gerber2008egfr,
  title={EGFR inhibition in the treatment of non-small cell lung cancer},
  author={Gerber, David E},
  journal={Drug development research},
  volume={69},
  number={6},
  pages={359--372},
  year={2008},
  publisher={Wiley Online Library}
}

@article{ghandi2019next,
  title={Next-generation characterization of the cancer cell line encyclopedia},
  author={Ghandi, Mahmoud and Huang, Franklin W and Jan{\'e}-Valbuena, Judit and Kryukov, Gregory V and Lo, Christopher C and McDonald III, E Robert and Barretina, Jordi and Gelfand, Ellen T and Bielski, Craig M and Li, Haoxin and others},
  journal={Nature},
  volume={569},
  number={7757},
  pages={503--508},
  year={2019},
  publisher={Nature Publishing Group UK London}
}

@article{gild2011multikinase,
  title={Multikinase inhibitors: a new option for the treatment of thyroid cancer},
  author={Gild, Matti L and Bullock, Martyn and Robinson, Bruce G and Clifton-Bligh, Roderick},
  journal={Nature Reviews Endocrinology},
  volume={7},
  number={10},
  pages={617--624},
  year={2011},
  publisher={Nature Publishing Group UK London}
}

@article{gilkes2014hypoxia,
  title={Hypoxia and the extracellular matrix: drivers of tumour metastasis},
  author={Gilkes, Daniele M and Semenza, Gregg L and Wirtz, Denis},
  journal={Nature Reviews Cancer},
  volume={14},
  number={6},
  pages={430--439},
  year={2014},
  publisher={Nature Publishing Group UK London}
}

@article{giraddi2018single,
  title={Single-cell transcriptomes distinguish stem cell state changes and lineage specification programs in early mammary gland development},
  author={Giraddi, Rajshekhar R and Chung, Chi-Yeh and Heinz, Richard E and Balcioglu, Ozlen and Novotny, Mark and Trejo, Christy L and Dravis, Christopher and Hagos, Berhane M and Mehrabad, Elnaz Mirzaei and Rodewald, Luo Wei and others},
  journal={Cell reports},
  volume={24},
  number={6},
  pages={1653--1666},
  year={2018},
  publisher={Elsevier}
}

@article{gonzalez2007overview,
  title={Overview of resistance to systemic therapy in patients with breast cancer},
  author={Gonzalez-Angulo, Ana Maria and Morales-Vasquez, Flavia and Hortobagyi, Gabriel N},
  journal={Breast cancer chemosensitivity},
  pages={1--22},
  year={2007},
  publisher={Springer}
}

@article{greenwood2012stat1,
  title={Stat1 and CD74 overexpression is co-dependent and linked to increased invasion and lymph node metastasis in triple-negative breast cancer},
  author={Greenwood, Christina and Metodieva, Gergana and Al-Janabi, Khalid and Lausen, Berthold and Alldridge, Louise and Leng, Lin and Bucala, Richard and Fernandez, Nelson and Metodiev, Metodi V},
  journal={Journal of proteomics},
  volume={75},
  number={10},
  pages={3031--3040},
  year={2012},
  publisher={Elsevier}
}

@article{grosselin2019high,
  title={High-throughput single-cell ChIP-seq identifies heterogeneity of chromatin states in breast cancer},
  author={Grosselin, Kevin and Durand, Adeline and Marsolier, Justine and Poitou, Adeline and Marangoni, Elisabetta and Nemati, Fariba and Dahmani, Ahmed and Lameiras, Sonia and Reyal, Fabien and Frenoy, Olivia and others},
  journal={Nature genetics},
  volume={51},
  number={6},
  pages={1060--1066},
  year={2019},
  publisher={Nature Publishing Group US New York}
}

@article{guo2013single,
  title={Single-cell methylome landscapes of mouse embryonic stem cells and early embryos analyzed using reduced representation bisulfite sequencing},
  author={Guo, Hongshan and Zhu, Ping and Wu, Xinglong and Li, Xianlong and Wen, Lu and Tang, Fuchou},
  journal={Genome research},
  volume={23},
  number={12},
  pages={2126--2135},
  year={2013},
  publisher={Cold Spring Harbor Lab}
}

@article{guo2015prrx1,
  title={PRRX1 promotes epithelial--mesenchymal transition through the Wnt/$\beta$-catenin pathway in gastric cancer},
  author={Guo, Jinbao and Fu, Zhongxue and Wei, Jinlai and Lu, Weidong and Feng, Jihong and Zhang, Shouru},
  journal={Medical oncology},
  volume={32},
  pages={1--12},
  year={2015},
  publisher={Springer}
}

@article{haghverdi2018batch,
  title={Batch effects in single-cell RNA-sequencing data are corrected by matching mutual nearest neighbors},
  author={Haghverdi, Laleh and Lun, Aaron TL and Morgan, Michael D and Marioni, John C},
  journal={Nature biotechnology},
  volume={36},
  number={5},
  pages={421--427},
  year={2018},
  publisher={Nature Publishing Group US New York}
}

@article{han2018mapping,
  title={Mapping the mouse cell atlas by microwell-seq},
  author={Han, Xiaoping and Wang, Renying and Zhou, Yincong and Fei, Lijiang and Sun, Huiyu and Lai, Shujing and Saadatpour, Assieh and Zhou, Ziming and Chen, Haide and Ye, Fang and others},
  journal={Cell},
  volume={172},
  number={5},
  pages={1091--1107},
  year={2018},
  publisher={Elsevier}
}

@article{hanzelmann2013gsva,
  title={GSVA: gene set variation analysis for microarray and RNA-seq data},
  author={H{\"a}nzelmann, Sonja and Castelo, Robert and Guinney, Justin},
  journal={BMC bioinformatics},
  volume={14},
  pages={1--15},
  year={2013},
  publisher={Springer}
}

@article{hartmaier2018recurrent,
  title={Recurrent hyperactive ESR1 fusion proteins in endocrine therapy-resistant breast cancer},
  author={Hartmaier, Ryan J and Trabucco, SE and Priedigkeit, N and Chung, JH and Parachoniak, CA and Borre, P Vanden and Morley, S and Rosenzweig, M and Gay, LM and Goldberg, ME and others},
  journal={Annals of oncology},
  volume={29},
  number={4},
  pages={872--880},
  year={2018},
  publisher={Elsevier}
}

@article{hashimshony2016cel,
  title={CEL-Seq2: sensitive highly-multiplexed single-cell RNA-Seq},
  author={Hashimshony, Tamar and Senderovich, Naftalie and Avital, Gal and Klochendler, Agnes and De Leeuw, Yaron and Anavy, Leon and Gennert, Dave and Li, Shuqiang and Livak, Kenneth J and Rozenblatt-Rosen, Orit and others},
  journal={Genome biology},
  volume={17},
  number={1},
  pages={1--7},
  year={2016},
  publisher={BioMed Central}
}

@article{hinohara2019kdm5,
  title={KDM5 histone demethylase activity links cellular transcriptomic heterogeneity to therapeutic resistance},
  author={Hinohara, Kunihiko and Wu, Hua-Jun and Vigneau, S{\'e}bastien and McDonald, Thomas O and Igarashi, Kyomi J and Yamamoto, Kimiyo N and Madsen, Thomas and Fassl, Anne and Egri, Shawn B and Papanastasiou, Malvina and others},
  journal={Cancer cell},
  volume={35},
  number={2},
  pages={330--332},
  year={2019},
  publisher={Elsevier}
}

@article{hodges2003tamoxifen,
  title={Tamoxifen functions as a molecular agonist inducing cell cycle-associated genes in breast cancer cells},
  author={Hodges, Leslie C and Cook, Jennifer D and Lobenhofer, Edward K and Li, Leping and Bennett, Lee and Bushel, Pierre R and Aldaz, C Marcelo and Afshari, Cynthia A and Walker, Cheryl Lyn},
  journal={Molecular Cancer Research},
  volume={1},
  number={4},
  pages={300--311},
  year={2003},
  publisher={AACR}
}

@article{hong2019single,
  title={Single-cell transcriptomics reveals multi-step adaptations to endocrine therapy},
  author={Hong, Sung Pil and Chan, Thalia E and Lombardo, Ylenia and Corleone, Giacomo and Rotmensz, Nicole and Bravaccini, Sara and Rocca, Andrea and Pruneri, Giancarlo and McEwen, Kirsten R and Coombes, R Charles and others},
  journal={Nature communications},
  volume={10},
  number={1},
  pages={3840},
  year={2019},
  publisher={Nature Publishing Group UK London}
}

@article{horimoto2018analysis,
  title={Analysis of circulating tumour cell and the epithelial mesenchymal transition (EMT) status during eribulin-based treatment in 22 patients with metastatic breast cancer: a pilot study},
  author={Horimoto, Yoshiya and Tokuda, Emi and Murakami, Fumi and Uomori, Toshitaka and Himuro, Takanori and Nakai, Katsuya and Orihata, Gotaro and Iijima, Kotaro and Togo, Shinsaku and Shimizu, Hideo and others},
  journal={Journal of translational medicine},
  volume={16},
  number={1},
  pages={1--8},
  year={2018},
  publisher={BioMed Central}
}

@article{hou2016single,
  title={Single-cell triple omics sequencing reveals genetic, epigenetic, and transcriptomic heterogeneity in hepatocellular carcinomas},
  author={Hou, Yu and Guo, Huahu and Cao, Chen and Li, Xianlong and Hu, Boqiang and Zhu, Ping and Wu, Xinglong and Wen, Lu and Tang, Fuchou and Huang, Yanyi and others},
  journal={Cell research},
  volume={26},
  number={3},
  pages={304--319},
  year={2016},
  publisher={Nature Publishing Group}
}

@article{hu2016simultaneous,
  title={Simultaneous profiling of transcriptome and DNA methylome from a single cell},
  author={Hu, Youjin and Huang, Kevin and An, Qin and Du, Guizhen and Hu, Ganlu and Xue, Jinfeng and Zhu, Xianmin and Wang, Cun-Yu and Xue, Zhigang and Fan, Guoping},
  journal={Genome biology},
  volume={17},
  number={1},
  pages={1--11},
  year={2016},
  publisher={BioMed Central}
}

@article{hu2020multi,
  title={Multi-cancer analysis of clonality and the timing of systemic spread in paired primary tumors and metastases},
  author={Hu, Zheng and Li, Zan and Ma, Zhicheng and Curtis, Christina},
  journal={Nature genetics},
  volume={52},
  number={7},
  pages={701--708},
  year={2020},
  publisher={Nature Publishing Group US New York}
}

@article{huang2009bioinformatics,
  title={Bioinformatics enrichment tools: paths toward the comprehensive functional analysis of large gene lists},
  author={Huang, Da Wei and Sherman, Brad T and Lempicki, Richard A},
  journal={Nucleic acids research},
  volume={37},
  number={1},
  pages={1--13},
  year={2009},
  publisher={Oxford University Press}
}

@article{huang2018saver,
  title={SAVER: gene expression recovery for single-cell RNA sequencing},
  author={Huang, Mo and Wang, Jingshu and Torre, Eduardo and Dueck, Hannah and Shaffer, Sydney and Bonasio, Roberto and Murray, John I and Raj, Arjun and Li, Mingyao and Zhang, Nancy R},
  journal={Nature methods},
  volume={15},
  number={7},
  pages={539--542},
  year={2018},
  publisher={Nature Publishing Group US New York}
}

@article{hudis2007trastuzumab,
  title={Trastuzumab—mechanism of action and use in clinical practice},
  author={Hudis, Clifford A},
  journal={New England journal of medicine},
  volume={357},
  number={1},
  pages={39--51},
  year={2007},
  publisher={Mass Medical Soc}
}

@article{hug2016mechanism,
  title={Mechanism and regulation of the nonsense-mediated decay pathway},
  author={Hug, Nele and Longman, Dasa and C{\'a}ceres, Javier F},
  journal={Nucleic acids research},
  volume={44},
  number={4},
  pages={1483--1495},
  year={2016},
  publisher={Oxford University Press}
}

@article{isakova2020single,
  title={Single cell profiling of total RNA using Smart-seq-total},
  author={Isakova, Alina and Neff, Norma and Quake, Stephen R},
  journal={BioRxiv},
  pages={2020--06},
  year={2020},
  publisher={Cold Spring Harbor Laboratory}
}

@article{jacobsen2009abstract,
  title={Abstract\# 287: BCK4 cells are a new model of mucinous human breast cancer},
  author={Jacobsen, Britta and Badtke, Melanie and Jambal, Purevsuren and Horwitz, Kathryn},
  journal={Cancer Research},
  volume={69},
  number={9\_Supplement},
  pages={287--287},
  year={2009},
  publisher={AACR}
}

@article{jassal2020reactome,
  title={The reactome pathway knowledgebase},
  author={Jassal, Bijay and Matthews, Lisa and Viteri, Guilherme and Gong, Chuqiao and Lorente, Pascual and Fabregat, Antonio and Sidiropoulos, Konstantinos and Cook, Justin and Gillespie, Marc and Haw, Robin and others},
  journal={Nucleic acids research},
  volume={48},
  number={D1},
  pages={D498--D503},
  year={2020},
  publisher={Oxford University Press}
}

@article{jonsson2012hurdles,
  title={Hurdles in anticancer drug development from a regulatory perspective},
  author={Jonsson, Bertil and Bergh, Jonas},
  journal={Nature Reviews Clinical Oncology},
  volume={9},
  number={4},
  pages={236--243},
  year={2012},
  publisher={Nature Publishing Group UK London}
}

@article{juang2016prrx2,
  title={PRRX2 as a novel TGF-$\beta$-induced factor enhances invasion and migration in mammary epithelial cell and correlates with poor prognosis in breast cancer},
  author={Juang, Yu-Lin and Jeng, Yung-Ming and Chen, Chi-Long and Lien, Huang-Chun},
  journal={Molecular carcinogenesis},
  volume={55},
  number={12},
  pages={2247--2259},
  year={2016},
  publisher={Wiley Online Library}
}

@article{justus2014vitro,
  title={In vitro cell migration and invasion assays},
  author={Justus, Calvin R and Leffler, Nancy and Ruiz-Echevarria, Maria and Yang, Li V},
  journal={JoVE (Journal of Visualized Experiments)},
  number={88},
  pages={e51046},
  year={2014}
}

@article{kanehisa2001kegg,
  title={KEGG: Kyoto Encyclopedia of Genes and Genomes},
  author={Kanehisa, M},
  journal={Proc. Natl. Acad. Sci.},
  volume={98},
  pages={4569--4574},
  year={2001}
}

@article{karaayvaz2018unravelling,
  title={Unravelling subclonal heterogeneity and aggressive disease states in TNBC through single-cell RNA-seq},
  author={Karaayvaz, Mihriban and Cristea, Simona and Gillespie, Shawn M and Patel, Anoop P and Mylvaganam, Ravindra and Luo, Christina C and Specht, Michelle C and Bernstein, Bradley E and Michor, Franziska and Ellisen, Leif W},
  journal={Nature communications},
  volume={9},
  number={1},
  pages={3588},
  year={2018},
  publisher={Nature Publishing Group UK London}
}

@article{keren2019mars,
  title={MARS-seq2. 0: an experimental and analytical pipeline for indexed sorting combined with single-cell RNA sequencing},
  author={Keren-Shaul, Hadas and Kenigsberg, Ephraim and Jaitin, Diego Adhemar and David, Eyal and Paul, Franziska and Tanay, Amos and Amit, Ido},
  journal={Nature protocols},
  volume={14},
  number={6},
  pages={1841--1862},
  year={2019},
  publisher={Nature Publishing Group UK London}
}

@article{kim2018chemoresistance,
  title={Chemoresistance evolution in triple-negative breast cancer delineated by single-cell sequencing},
  author={Kim, Charissa and Gao, Ruli and Sei, Emi and Brandt, Rachel and Hartman, Johan and Hatschek, Thomas and Crosetto, Nicola and Foukakis, Theodoros and Navin, Nicholas E},
  journal={Cell},
  volume={173},
  number={4},
  pages={879--893},
  year={2018},
  publisher={Elsevier}
}

@article{kim2019tumor,
  title={Tumor mutational burden and efficacy of immune checkpoint inhibitors: a systematic review and meta-analysis},
  author={Kim, Jong Yeob and Kronbichler, Andreas and Eisenhut, Michael and Hong, Sung Hwi and van der Vliet, Hans J and Kang, Jeonghyun and Shin, Jae Il and Gamerith, Gabriele},
  journal={Cancers},
  volume={11},
  number={11},
  pages={1798},
  year={2019},
  publisher={MDPI}
}

@article{kim2017vegfa,
  title={VEGFA links self-renewal and metastasis by inducing Sox2 to repress miR-452, driving Slug},
  author={Kim, M and Jang, K and Miller, P and Picon-Ruiz, M and Yeasky, TM and El-Ashry, D and Slingerland, JM},
  journal={Oncogene},
  volume={36},
  number={36},
  pages={5199--5211},
  year={2017},
  publisher={Nature Publishing Group}
}

@article{kinker2019pan,
  title={Pan-cancer single cell RNA-seq uncovers recurring programs of cellular heterogeneity},
  author={Kinker, Gabriela S and Greenwald, Alissa C and Tal, Rotem and Orlova, Zhanna and Cuoco, Michael S and McFarland, James M and Warren, Allison and Rodman, Christopher and Roth, Jennifer A and Bender, Samantha A and others},
  journal={BioRxiv},
  pages={807552},
  year={2019},
  publisher={Cold Spring Harbor Laboratory}
}

@article{kiselev2018scmap,
  title={scmap: projection of single-cell RNA-seq data across data sets},
  author={Kiselev, Vladimir Yu and Yiu, Andrew and Hemberg, Martin},
  journal={Nature methods},
  volume={15},
  number={5},
  pages={359--362},
  year={2018},
  publisher={Nature Publishing Group US New York}
}

@article{klein2015droplet,
  title={Droplet barcoding for single-cell transcriptomics applied to embryonic stem cells},
  author={Klein, Allon M and Mazutis, Linas and Akartuna, Ilke and Tallapragada, Naren and Veres, Adrian and Li, Victor and Peshkin, Leonid and Weitz, David A and Kirschner, Marc W},
  journal={Cell},
  volume={161},
  number={5},
  pages={1187--1201},
  year={2015},
  publisher={Elsevier}
}

@article{korsunsky2019fast,
  title={Fast, sensitive and accurate integration of single-cell data with Harmony},
  author={Korsunsky, Ilya and Millard, Nghia and Fan, Jean and Slowikowski, Kamil and Zhang, Fan and Wei, Kevin and Baglaenko, Yuriy and Brenner, Michael and Loh, Po-ru and Raychaudhuri, Soumya},
  journal={Nature methods},
  volume={16},
  number={12},
  pages={1289--1296},
  year={2019},
  publisher={Nature Publishing Group US New York}
}

@article{kumar2018analysis,
  title={Analysis of single-cell RNA-seq identifies cell-cell communication associated with tumor characteristics},
  author={Kumar, Manu P and Du, Jinyan and Lagoudas, Georgia and Jiao, Yang and Sawyer, Andrew and Drummond, Daryl C and Lauffenburger, Douglas A and Raue, Andreas},
  journal={Cell reports},
  volume={25},
  number={6},
  pages={1458--1468},
  year={2018},
  publisher={Elsevier}
}

@article{kusi2020single,
  title={Single-cell chromatin profiling reveals demethylation-dependent metabolic vulnerabilities of breast cancer epigenome},
  author={Kusi, Meena and Zand, Maryam and Lin, Chun-Lin and Wang, Chiou-Miin and Lucio, Nicholas D and Kirma, Nameer B and Ruan, Jianhua and Huang, Tim H-M and Mitsuya, Kohzoh},
  journal={bioRxiv},
  pages={2020--02},
  year={2020},
  publisher={Cold Spring Harbor Laboratory}
}

@article{lake2018integrative,
  title={Integrative single-cell analysis of transcriptional and epigenetic states in the human adult brain},
  author={Lake, Blue B and Chen, Song and Sos, Brandon C and Fan, Jean and Kaeser, Gwendolyn E and Yung, Yun C and Duong, Thu E and Gao, Derek and Chun, Jerold and Kharchenko, Peter V and others},
  journal={Nature biotechnology},
  volume={36},
  number={1},
  pages={70--80},
  year={2018},
  publisher={Nature Publishing Group US New York}
}

@article{lan2017single,
  title={Single-cell genome sequencing at ultra-high-throughput with microfluidic droplet barcoding},
  author={Lan, Freeman and Demaree, Benjamin and Ahmed, Noorsher and Abate, Adam R},
  journal={Nature biotechnology},
  volume={35},
  number={7},
  pages={640--646},
  year={2017},
  publisher={Nature Publishing Group US New York}
}

@article{lange2008challenges,
  title={Challenges to defining a role for progesterone in breast cancer},
  author={Lange, Carol A},
  journal={steroids},
  volume={73},
  number={9-10},
  pages={914--921},
  year={2008},
  publisher={Elsevier}
}

@article{law2016dna,
  title={The DNA cytosine deaminase APOBEC3B promotes tamoxifen resistance in ER-positive breast cancer},
  author={Law, Emily K and Sieuwerts, Anieta M and LaPara, Kelly and Leonard, Brandon and Starrett, Gabriel J and Molan, Amy M and Temiz, Nuri A and Vogel, Rachel Isaksson and Meijer-van Gelder, Marion E and Sweep, Fred CGJ and others},
  journal={Science advances},
  volume={2},
  number={10},
  pages={e1601737},
  year={2016},
  publisher={American Association for the Advancement of Science}
}

@article{lawson2015single,
  title={Single-cell analysis reveals a stem-cell program in human metastatic breast cancer cells},
  author={Lawson, Devon A and Bhakta, Nirav R and Kessenbrock, Kai and Prummel, Karin D and Yu, Ying and Takai, Ken and Zhou, Alicia and Eyob, Henok and Balakrishnan, Sanjeev and Wang, Chih-Yang and others},
  journal={Nature},
  volume={526},
  number={7571},
  pages={131--135},
  year={2015},
  publisher={Nature Publishing Group UK London}
}

@article{levine2015data,
  title={Data-driven phenotypic dissection of AML reveals progenitor-like cells that correlate with prognosis},
  author={Levine, Jacob H and Simonds, Erin F and Bendall, Sean C and Davis, Kara L and El-ad, D Amir and Tadmor, Michelle D and Litvin, Oren and Fienberg, Harris G and Jager, Astraea and Zunder, Eli R and others},
  journal={Cell},
  volume={162},
  number={1},
  pages={184--197},
  year={2015},
  publisher={Elsevier}
}

@article{levine2019fgfr4,
  title={FGFR4 overexpression and hotspot mutations in metastatic ER+ breast cancer are enriched in the lobular subtype},
  author={Levine, Kevin M and Priedigkeit, Nolan and Basudan, Ahmed and Tasdemir, Nilgun and Sikora, Matthew J and Sokol, Ethan S and Hartmaier, Ryan J and Ding, Kai and Ahmad, Nedah Z and Watters, Rebecca J and others},
  journal={NPJ breast cancer},
  volume={5},
  number={1},
  pages={19},
  year={2019},
  publisher={Nature Publishing Group UK London}
}

@article{li2018accurate,
  title={An accurate and robust imputation method scImpute for single-cell RNA-seq data},
  author={Li, Wei Vivian and Li, Jingyi Jessica},
  journal={Nature communications},
  volume={9},
  number={1},
  pages={997},
  year={2018},
  publisher={Nature Publishing Group UK London}
}

@article{liberzon2011molecular,
  title={Molecular signatures database (MSigDB) 3.0},
  author={Liberzon, Arthur and Subramanian, Aravind and Pinchback, Reid and Thorvaldsd{\'o}ttir, Helga and Tamayo, Pablo and Mesirov, Jill P},
  journal={Bioinformatics},
  volume={27},
  number={12},
  pages={1739--1740},
  year={2011},
  publisher={Oxford University Press}
}

@article{liu2019cancer,
  title={Cancer-associated fibroblasts: an emerging target of anti-cancer immunotherapy},
  author={Liu, Tongyan and Han, Chencheng and Wang, Siwei and Fang, Panqi and Ma, Zhifei and Xu, Lin and Yin, Rong},
  journal={Journal of hematology \& oncology},
  volume={12},
  number={1},
  pages={1--15},
  year={2019},
  publisher={BioMed Central}
}

@article{lonning2011exploring,
  title={Exploring breast cancer estrogen disposition: the basis for endocrine manipulation},
  author={L{\o}nning, Per E and Haynes, Ben P and Straume, Anne H and Dunbier, Anita and Helle, Hildegunn and Knappskog, Stian and Dowsett, Mitch},
  journal={Clinical Cancer Research},
  volume={17},
  number={15},
  pages={4948--4958},
  year={2011},
  publisher={AACR}
}

@article{lumachi2013treatment,
  title={Treatment of estrogen receptor-positive breast cancer},
  author={Lumachi, F and Brunello, A and Maruzzo, M and Basso, U and Mm Basso, S},
  journal={Current medicinal chemistry},
  volume={20},
  number={5},
  pages={596--604},
  year={2013},
  publisher={Bentham Science Publishers}
}

@article{l2016pooling,
  title={Pooling across cells to normalize single-cell RNA sequencing data with many zero counts},
  author={L. Lun, Aaron T and Bach, Karsten and Marioni, John C},
  journal={Genome biology},
  volume={17},
  pages={1--14},
  year={2016},
  publisher={Springer}
}

@article{luo2018robust,
  title={Robust single-cell DNA methylome profiling with snmC-seq2},
  author={Luo, Chongyuan and Rivkin, Angeline and Zhou, Jingtian and Sandoval, Justin P and Kurihara, Laurie and Lucero, Jacinta and Castanon, Rosa and Nery, Joseph R and Pinto-Duarte, Ant{\'o}nio and Bui, Brian and others},
  journal={Nature communications},
  volume={9},
  number={1},
  pages={3824},
  year={2018},
  publisher={Nature Publishing Group UK London}
}

@article{van2008visualizing,
  title={Visualizing data using t-SNE.},
  author={Van der Maaten, Laurens and Hinton, Geoffrey},
  journal={Journal of machine learning research},
  volume={9},
  number={11},
  year={2008}
}

@article{macaulay2015g,
  title={G\&T-seq: parallel sequencing of single-cell genomes and transcriptomes},
  author={Macaulay, Iain C and Haerty, Wilfried and Kumar, Parveen and Li, Yang I and Hu, Tim Xiaoming and Teng, Mabel J and Goolam, Mubeen and Saurat, Nathalie and Coupland, Paul and Shirley, Lesley M and others},
  journal={Nature methods},
  volume={12},
  number={6},
  pages={519--522},
  year={2015},
  publisher={Nature Publishing Group US New York}
}

@article{macosko2015highly,
  title={Highly parallel genome-wide expression profiling of individual cells using nanoliter droplets},
  author={Macosko, Evan Z and Basu, Anindita and Satija, Rahul and Nemesh, James and Shekhar, Karthik and Goldman, Melissa and Tirosh, Itay and Bialas, Allison R and Kamitaki, Nolan and Martersteck, Emily M and others},
  journal={Cell},
  volume={161},
  number={5},
  pages={1202--1214},
  year={2015},
  publisher={Elsevier}
}

@article{maltoni2017cell,
  title={Cell-free DNA detected by “liquid biopsy” as a potential prognostic biomarker in early breast cancer},
  author={Maltoni, Roberta and Casadio, Valentina and Ravaioli, Sara and Foca, Flavia and Tumedei, Maria Maddalena and Salvi, Samanta and Martignano, Filippo and Calistri, Daniele and Rocca, Andrea and Schirone, Alessio and others},
  journal={Oncotarget},
  volume={8},
  number={10},
  pages={16642},
  year={2017},
  publisher={Impact Journals, LLC}
}

@article{la2018rna,
  title={RNA velocity of single cells},
  author={La Manno, Gioele and Soldatov, Ruslan and Zeisel, Amit and Braun, Emelie and Hochgerner, Hannah and Petukhov, Viktor and Lidschreiber, Katja and Kastriti, Maria E and L{\"o}nnerberg, Peter and Furlan, Alessandro and others},
  journal={Nature},
  volume={560},
  number={7719},
  pages={494--498},
  year={2018},
  publisher={Nature Publishing Group}
}

@article{marcotte2016functional,
  title={Functional genomic landscape of human breast cancer drivers, vulnerabilities, and resistance},
  author={Marcotte, Richard and Sayad, Azin and Brown, Kevin R and Sanchez-Garcia, Felix and Reimand, J{\"u}ri and Haider, Maliha and Virtanen, Carl and Bradner, James E and Bader, Gary D and Mills, Gordon B and others},
  journal={Cell},
  volume={164},
  number={1},
  pages={293--309},
  year={2016},
  publisher={Elsevier}
}

@article{martin2017neratinib,
  title={Neratinib after trastuzumab-based adjuvant therapy in HER2-positive breast cancer (ExteNET): 5-year analysis of a randomised, double-blind, placebo-controlled, phase 3 trial},
  author={Martin, Miguel and Holmes, Frankie A and Ejlertsen, Bent and Delaloge, Suzette and Moy, Beverly and Iwata, Hiroji and von Minckwitz, Gunter and Chia, Stephen KL and Mansi, Janine and Barrios, Carlos H and others},
  journal={The lancet oncology},
  volume={18},
  number={12},
  pages={1688--1700},
  year={2017},
  publisher={Elsevier}
}

@article{mathew2017distinct,
  title={Distinct pattern of metastases in patients with invasive lobular carcinoma of the breast},
  author={Mathew, Aju and Rajagopal, Padma S and Villgran, Vipin and Sandhu, Gurprataap S and Jankowitz, Rachel C and Jacob, Mini and Rosenzweig, Margaret and Oesterreich, Steffi and Brufsky, Adam},
  journal={Geburtshilfe und Frauenheilkunde},
  volume={77},
  number={06},
  pages={660--666},
  year={2017},
  publisher={Georg Thieme Verlag KG}
}

@article{matsumoto2017scode,
  title={SCODE: an efficient regulatory network inference algorithm from single-cell RNA-Seq during differentiation},
  author={Matsumoto, Hirotaka and Kiryu, Hisanori and Furusawa, Chikara and Ko, Minoru SH and Ko, Shigeru BH and Gouda, Norio and Hayashi, Tetsutaro and Nikaido, Itoshi},
  journal={Bioinformatics},
  volume={33},
  number={15},
  pages={2314--2321},
  year={2017},
  publisher={Oxford University Press}
}

@article{mazel2015frequent,
  title={Frequent expression of PD-L1 on circulating breast cancer cells},
  author={Mazel, Martine and Jacot, William and Pantel, Klaus and Bartkowiak, Kai and Topart, Delphine and Cayrefourcq, Laure and Rossille, Delphine and Maudelonde, Thierry and Fest, Thierry and Alix-Panabi{\`e}res, Catherine},
  journal={Molecular oncology},
  volume={9},
  number={9},
  pages={1773--1782},
  year={2015},
  publisher={Elsevier}
}

@article{mccart2016epithelial,
  title={An epithelial to mesenchymal transition programme does not usually drive the phenotype of invasive lobular carcinomas},
  author={McCart Reed, Amy E and Kutasovic, Jamie R and Vargas, Ana C and Jayanthan, Janani and Al-Murrani, Amel and Reid, Lynne E and Chambers, Rachael and Da Silva, Leonard and Melville, Lewis and Evans, Elizabeth and others},
  journal={The Journal of Pathology},
  volume={238},
  number={4},
  pages={489--494},
  year={2016},
  publisher={Wiley Online Library}
}
@article{mccart2019lobsig,
  title={LobSig is a multigene predictor of outcome in invasive lobular carcinoma},
  author={McCart Reed, Amy E and Lal, Samir and Kutasovic, Jamie R and Wockner, Leesa and Robertson, Alan and de Luca, Xavier M and Kalita-de Croft, Priyakshi and Dalley, Andrew J and Coorey, Craig P and Kuo, Luyu and others},
  journal={NPJ Breast Cancer},
  volume={5},
  number={1},
  pages={18},
  year={2019},
  publisher={Nature Publishing Group UK London}
}

@misc{mcdonnell2015oral,
  title={Oral selective estrogen receptor downregulators (SERDs), a breakthrough endocrine therapy for breast cancer},
  author={McDonnell, Donald P and Wardell, Suzanne E and Norris, John D},
  journal={Journal of medicinal chemistry},
  volume={58},
  number={12},
  pages={4883--4887},
  year={2015},
  publisher={ACS Publications}
}

@article{mcfaline2019pooled,
  title={A pooled single-cell genetic screen identifies regulatory checkpoints in the continuum of the epithelial-to-mesenchymal transition},
  author={McFaline-Figueroa, Jos{\'e} L and Hill, Andrew J and Qiu, Xiaojie and Jackson, Dana and Shendure, Jay and Trapnell, Cole},
  journal={Nature genetics},
  volume={51},
  number={9},
  pages={1389--1398},
  year={2019},
  publisher={Nature Publishing Group US New York}
}

@article{mcfarland2018improved,
  title={Improved estimation of cancer dependencies from large-scale RNAi screens using model-based normalization and data integration},
  author={McFarland, James M and Ho, Zandra V and Kugener, Guillaume and Dempster, Joshua M and Montgomery, Phillip G and Bryan, Jordan G and Krill-Burger, John M and Green, Thomas M and Vazquez, Francisca and Boehm, Jesse S and others},
  journal={Nature communications},
  volume={9},
  number={1},
  pages={4610},
  year={2018},
  publisher={Nature Publishing Group UK London}
}

@article{mcginnis2019doubletfinder,
  title={DoubletFinder: doublet detection in single-cell RNA sequencing data using artificial nearest neighbors},
  author={McGinnis, Christopher S and Murrow, Lyndsay M and Gartner, Zev J},
  journal={Cell systems},
  volume={8},
  number={4},
  pages={329--337},
  year={2019},
  publisher={Elsevier}
}

@article{melsted2019modular,
  title={Modular and efficient pre-processing of single-cell RNA-seq},
  author={Melsted, P{\'a}ll and Booeshaghi, A Sina and Gao, Fan and Beltrame, Eduardo and Lu, Lambda and Hjorleifsson, Kristj{\'a}n Eldj{\'a}rn and Gehring, Jase and Pachter, Lior},
  journal={BioRxiv},
  pages={673285},
  year={2019},
  publisher={Cold Spring Harbor Laboratory}
}

@article{metcalfe2007breast,
  title={Breast cancer prevention in women with a BRCA1 or BRCA2 mutation},
  author={Metcalfe, Kelly A and Narod, Steven A},
  journal={Open Medicine},
  volume={1},
  number={3},
  pages={e184},
  year={2007},
  publisher={Open Medicine}
}

@article{von2017adjuvant,
  title={Adjuvant pertuzumab and trastuzumab in early HER2-positive breast cancer},
  author={Von Minckwitz, Gunter and Procter, Marion and De Azambuja, Evandro and Zardavas, Dimitrios and Benyunes, Mark and Viale, Giuseppe and Suter, Thomas and Arahmani, Amal and Rouchet, Nathalie and Clark, Emma and others},
  journal={New England Journal of Medicine},
  volume={377},
  number={2},
  pages={122--131},
  year={2017},
  publisher={Mass Medical Soc}
}

@article{moffitt2018molecular,
  title={Molecular, spatial, and functional single-cell profiling of the hypothalamic preoptic region},
  author={Moffitt, Jeffrey R and Bambah-Mukku, Dhananjay and Eichhorn, Stephen W and Vaughn, Eric and Shekhar, Karthik and Perez, Julio D and Rubinstein, Nimrod D and Hao, Junjie and Regev, Aviv and Dulac, Catherine and others},
  journal={Science},
  volume={362},
  number={6416},
  pages={eaau5324},
  year={2018},
  publisher={American Association for the Advancement of Science}
}

@article{moon2018manifold,
  title={Manifold learning-based methods for analyzing single-cell RNA-sequencing data},
  author={Moon, Kevin R and Stanley III, Jay S and Burkhardt, Daniel and van Dijk, David and Wolf, Guy and Krishnaswamy, Smita},
  journal={Current Opinion in Systems Biology},
  volume={7},
  pages={36--46},
  year={2018},
  publisher={Elsevier}
}

@article{morandi2011ret,
  title={RET in breast cancer: functional and therapeutic implications},
  author={Morandi, Andrea and Plaza-Menacho, Ivan and Isacke, Clare M},
  journal={Trends in molecular medicine},
  volume={17},
  number={3},
  pages={149--157},
  year={2011},
  publisher={Elsevier}
}

@article{morandi2013gdnf,
  title={GDNF--RET signaling in ER-positive breast cancers is a key determinant of response and resistance to aromatase inhibitors},
  author={Morandi, Andrea and Martin, Lesley-Ann and Gao, Qiong and Pancholi, Sunil and Mackay, Alan and Robertson, David and Zvelebil, Marketa and Dowsett, Mitch and Plaza-Menacho, Ivan and Isacke, Clare M},
  journal={Cancer research},
  volume={73},
  number={12},
  pages={3783--3795},
  year={2013},
  publisher={AACR}
}

@article{mulligan2014ret,
  title={RET revisited: expanding the oncogenic portfolio},
  author={Mulligan, Lois M},
  journal={Nature Reviews Cancer},
  volume={14},
  number={3},
  pages={173--186},
  year={2014},
  publisher={Nature Publishing Group UK London}
}

@article{mulqueen2018highly,
  title={Highly scalable generation of DNA methylation profiles in single cells},
  author={Mulqueen, Ryan M and Pokholok, Dmitry and Norberg, Steven J and Torkenczy, Kristof A and Fields, Andrew J and Sun, Duanchen and Sinnamon, John R and Shendure, Jay and Trapnell, Cole and O'Roak, Brian J and others},
  journal={Nature biotechnology},
  volume={36},
  number={5},
  pages={428--431},
  year={2018},
  publisher={Nature Publishing Group US New York}
}

@article{nagano2013single,
  title={Single-cell Hi-C reveals cell-to-cell variability in chromosome structure},
  author={Nagano, Takashi and Lubling, Yaniv and Stevens, Tim J and Schoenfelder, Stefan and Yaffe, Eitan and Dean, Wendy and Laue, Ernest D and Tanay, Amos and Fraser, Peter},
  journal={Nature},
  volume={502},
  number={7469},
  pages={59--64},
  year={2013},
  publisher={Nature Publishing Group UK London}
}

@article{nagle2018loss,
  title={Loss of E-cadherin Enhances IGF1--IGF1R pathway activation and sensitizes breast cancers to anti-IGF1R/InsR inhibitors},
  author={Nagle, Alison M and Levine, Kevin M and Tasdemir, Nilgun and Scott, Julie A and Burlbaugh, Kara and Kehm, Justin and Katz, Tiffany A and Boone, David N and Jacobsen, Britta M and Atkinson, Jennifer M and others},
  journal={Clinical Cancer Research},
  volume={24},
  number={20},
  pages={5165--5177},
  year={2018},
  publisher={AACR}
}

@article{nakanishi2011homologous,
  title={Homologous recombination assay for interstrand cross-link repair},
  author={Nakanishi, Koji and Cavallo, Francesca and Brunet, Erika and Jasin, Maria},
  journal={DNA Recombination: Methods and Protocols},
  pages={283--291},
  year={2011},
  publisher={Springer}
}

@article{navin2011tumour,
  title={Tumour evolution inferred by single-cell sequencing},
  author={Navin, Nicholas and Kendall, Jude and Troge, Jennifer and Andrews, Peter and Rodgers, Linda and McIndoo, Jeanne and Cook, Kerry and Stepansky, Asya and Levy, Dan and Esposito, Diane and others},
  journal={Nature},
  volume={472},
  number={7341},
  pages={90--94},
  year={2011},
  publisher={Nature Publishing Group UK London}
}

@article{neftel2019integrative,
  title={An integrative model of cellular states, plasticity, and genetics for glioblastoma},
  author={Neftel, Cyril and Laffy, Julie and Filbin, Mariella G and Hara, Toshiro and Shore, Marni E and Rahme, Gilbert J and Richman, Alyssa R and Silverbush, Dana and Shaw, McKenzie L and Hebert, Christine M and others},
  journal={Cell},
  volume={178},
  number={4},
  pages={835--849},
  year={2019},
  publisher={Elsevier}
}

@article{neman2013co,
  title={Co-evolution of breast-to-brain metastasis and neural progenitor cells},
  author={Neman, Josh and Choy, Cecilia and Kowolik, Claudia M and Anderson, Athena and Duenas, Vincent J and Waliany, Sarah and Chen, Bihong T and Chen, Mike Y and Jandial, Rahul},
  journal={Clinical \& experimental metastasis},
  volume={30},
  pages={753--768},
  year={2013},
  publisher={Springer}
}

@article{neve2006collection,
  title={A collection of breast cancer cell lines for the study of functionally distinct cancer subtypes},
  author={Neve, Richard M and Chin, Koei and Fridlyand, Jane and Yeh, Jennifer and Baehner, Frederick L and Fevr, Tea and Clark, Laura and Bayani, Nora and Coppe, Jean-Philippe and Tong, Frances and others},
  journal={Cancer cell},
  volume={10},
  number={6},
  pages={515--527},
  year={2006},
  publisher={Elsevier}
}

@article{newman2019determining,
  title={Determining cell type abundance and expression from bulk tissues with digital cytometry},
  author={Newman, Aaron M and Steen, Chlo{\'e} B and Liu, Chih Long and Gentles, Andrew J and Chaudhuri, Aadel A and Scherer, Florian and Khodadoust, Michael S and Esfahani, Mohammad S and Luca, Bogdan A and Steiner, David and others},
  journal={Nature biotechnology},
  volume={37},
  number={7},
  pages={773--782},
  year={2019},
  publisher={Nature Publishing Group US New York}
}

@article{ng2017genetic,
  title={Genetic heterogeneity in therapy-naive synchronous primary breast cancers and their metastases},
  author={Ng, Charlotte KY and Bidard, Francois-Clement and Piscuoglio, Salvatore and Geyer, Felipe C and Lim, Raymond S and de Bruijn, Ino and Shen, Ronglai and Pareja, Fresia and Berman, Samuel H and Wang, Lu and others},
  journal={Clinical cancer research},
  volume={23},
  number={15},
  pages={4402--4415},
  year={2017},
  publisher={AACR}
}

@article{nik2017mutational,
  title={Mutational signatures in breast cancer: the problem at the DNA level},
  author={Nik-Zainal, Serena and Morganella, Sandro},
  journal={Clinical Cancer Research},
  volume={23},
  number={11},
  pages={2617--2629},
  year={2017},
  publisher={AACR}
}

@article{o2018early,
  title={Early circulating tumor DNA dynamics and clonal selection with palbociclib and fulvestrant for breast cancer},
  author={O’Leary, Ben and Hrebien, Sarah and Morden, James P and Beaney, Matthew and Fribbens, Charlotte and Huang, Xin and Liu, Yuan and Bartlett, Cynthia Huang and Koehler, Maria and Cristofanilli, Massimo and others},
  journal={Nature communications},
  volume={9},
  number={1},
  pages={896},
  year={2018},
  publisher={Nature Publishing Group UK London}
}

@article{onder2008loss,
  title={Loss of E-cadherin promotes metastasis via multiple downstream transcriptional pathways},
  author={Onder, Tamer T and Gupta, Piyush B and Mani, Sendurai A and Yang, Jing and Lander, Eric S and Weinberg, Robert A},
  journal={Cancer research},
  volume={68},
  number={10},
  pages={3645--3654},
  year={2008},
  publisher={AACR}
}

@article{osborne2011mechanisms,
  title={Mechanisms of endocrine resistance in breast cancer},
  author={Osborne, C Kent and Schiff, Rachel},
  journal={Annual review of medicine},
  volume={62},
  pages={233--247},
  year={2011},
  publisher={Annual Reviews}
}

@article{oshiro2015pik3ca,
  title={PIK3CA mutations in serum DNA are predictive of recurrence in primary breast cancer patients},
  author={Oshiro, Chiya and Kagara, Naofumi and Naoi, Yasuto and Shimoda, Masafumi and Shimomura, Atsushi and Maruyama, Naomi and Shimazu, Kenzo and Kim, Seung Jin and Noguchi, Shinzaburo},
  journal={Breast cancer research and treatment},
  volume={150},
  pages={299--307},
  year={2015},
  publisher={Springer}
}

@article{osterhouse2004bilateral,
  title={Bilateral acrometastasis secondary to breast cancer},
  author={Osterhouse, Melanie D and Guebert, Gary M},
  journal={Journal of manipulative and physiological therapeutics},
  volume={27},
  number={4},
  pages={275--279},
  year={2004},
  publisher={Elsevier}
}

@article{paik2004multigene,
  title={A multigene assay to predict recurrence of tamoxifen-treated, node-negative breast cancer},
  author={Paik, Soonmyung and Shak, Steven and Tang, Gong and Kim, Chungyeul and Baker, Joffre and Cronin, Maureen and Baehner, Frederick L and Walker, Michael G and Watson, Drew and Park, Taesung and others},
  journal={New England Journal of Medicine},
  volume={351},
  number={27},
  pages={2817--2826},
  year={2004},
  publisher={Mass Medical Soc}
}

@article{pal2017construction,
  title={Construction of developmental lineage relationships in the mouse mammary gland by single-cell RNA profiling},
  author={Pal, Bhupinder and Chen, Yunshun and Vaillant, Fran{\c{c}}ois and Jamieson, Paul and Gordon, Lavinia and Rios, Anne C and Wilcox, Stephen and Fu, Naiyang and Liu, Kevin He and Jackling, Felicity C and others},
  journal={Nature communications},
  volume={8},
  number={1},
  pages={1627},
  year={2017},
  publisher={Nature Publishing Group UK London}
}

@article{pan201720,
  title={20-year risks of breast-cancer recurrence after stopping endocrine therapy at 5 years},
  author={Pan, Hongchao and Gray, Richard and Braybrooke, Jeremy and Davies, Christina and Taylor, Carolyn and McGale, Paul and Peto, Richard and Pritchard, Kathleen I and Bergh, Jonas and Dowsett, Mitch and others},
  journal={New England Journal of Medicine},
  volume={377},
  number={19},
  pages={1836--1846},
  year={2017},
  publisher={Mass Medical Soc}
}

@article{paratala2018ret,
  title={RET rearrangements are actionable alterations in breast cancer},
  author={Paratala, Bhavna S and Chung, Jon H and Williams, Casey B and Yilmazel, Bahar and Petrosky, Whitney and Williams, Kirstin and Schrock, Alexa B and Gay, Laurie M and Lee, Ellen and Dolfi, Sonia C and others},
  journal={Nature communications},
  volume={9},
  number={1},
  pages={4821},
  year={2018},
  publisher={Nature Publishing Group UK London}
}

@article{parvin2011identifying,
  title={Identifying the effects of BRCA1 mutations on homologous recombination using cells that express endogenous wild-type BRCA1},
  author={Parvin, Jeffrey and Chiba, Natsuko and Ransburgh, Derek},
  journal={JoVE (Journal of Visualized Experiments)},
  number={48},
  pages={e2468},
  year={2011}
}

@article{patel2018selective,
  title={Selective estrogen receptor modulators (SERMs) and selective estrogen receptor degraders (SERDs) in cancer treatment},
  author={Patel, Hitisha K and Bihani, Teeru},
  journal={Pharmacology \& therapeutics},
  volume={186},
  pages={1--24},
  year={2018},
  publisher={Elsevier}
}

@article{patro2017salmon,
  title={Salmon provides fast and bias-aware quantification of transcript expression},
  author={Patro, Rob and Duggal, Geet and Love, Michael I and Irizarry, Rafael A and Kingsford, Carl},
  journal={Nature methods},
  volume={14},
  number={4},
  pages={417--419},
  year={2017},
  publisher={Nature Publishing Group US New York}
}

@article{pearson1901liii,
  title={LIII. On lines and planes of closest fit to systems of points in space},
  author={Pearson, Karl},
  journal={The London, Edinburgh, and Dublin philosophical magazine and journal of science},
  volume={2},
  number={11},
  pages={559--572},
  year={1901},
  publisher={Taylor \& Francis}
}

@article{peng2014genome,
  title={Genome-wide transcriptome profiling of homologous recombination DNA repair},
  author={Peng, Guang and Chun-Jen Lin, Curtis and Mo, Wei and Dai, Hui and Park, Yun-Yong and Kim, Soo Mi and Peng, Yang and Mo, Qianxing and Siwko, Stefan and Hu, Ruozhen and others},
  journal={Nature communications},
  volume={5},
  number={1},
  pages={3361},
  year={2014},
  publisher={Nature Publishing Group UK London}
}

@article{perou2000molecular,
  title={Molecular portraits of human breast tumours},
  author={Perou, Charles M and S{\o}rlie, Therese and Eisen, Michael B and Van De Rijn, Matt and Jeffrey, Stefanie S and Rees, Christian A and Pollack, Jonathan R and Ross, Douglas T and Johnsen, Hilde and Akslen, Lars A and others},
  journal={nature},
  volume={406},
  number={6797},
  pages={747--752},
  year={2000},
  publisher={Nature Publishing Group UK London}
}

@article{peterson2017multiplexed,
  title={Multiplexed quantification of proteins and transcripts in single cells},
  author={Peterson, Vanessa M and Zhang, Kelvin Xi and Kumar, Namit and Wong, Jerelyn and Li, Lixia and Wilson, Douglas C and Moore, Renee and McClanahan, Terrill K and Sadekova, Svetlana and Klappenbach, Joel A},
  journal={Nature biotechnology},
  volume={35},
  number={10},
  pages={936--939},
  year={2017},
  publisher={Nature Publishing Group US New York}
}

@article{piao2018complement,
  title={Complement 5a stimulates macrophage polarization and contributes to tumor metastases of colon cancer},
  author={Piao, Chunmei and Zhang, Wen-Mei and Li, Tao-Tao and Zhang, Cong-cong and Qiu, Shulan and Liu, Yan and Liu, Sa and Jin, Ming and Jia, Li-Xin and Song, Wen-Chao and others},
  journal={Experimental cell research},
  volume={366},
  number={2},
  pages={127--138},
  year={2018},
  publisher={Elsevier}
}

@article{picelli2013smart,
  title={Smart-seq2 for sensitive full-length transcriptome profiling in single cells},
  author={Picelli, Simone and Bj{\"o}rklund, {\AA}sa K and Faridani, Omid R and Sagasser, Sven and Winberg, G{\"o}sta and Sandberg, Rickard},
  journal={Nature methods},
  volume={10},
  number={11},
  pages={1096--1098},
  year={2013},
  publisher={Nature Publishing Group US New York}
}

@article{piconese2014hardcore,
  title={‘Hardcore’OX40+ immunosuppressive regulatory T cells in hepatic cirrhosis and cancer},
  author={Piconese, Silvia and Timperi, Eleonora and Barnaba, Vincenzo},
  journal={OncoImmunology},
  volume={3},
  number={6},
  pages={e29257},
  year={2014},
  publisher={Taylor \& Francis}
}

@article{plaza2016ret,
  title={RET functions as a dual-specificity kinase that requires allosteric inputs from juxtamembrane elements},
  author={Plaza-Menacho, Ivan and Barnouin, Karin and Barry, Rachael and Borg, Annabel and Orme, Mariam and Chauhan, Rakhee and Mouilleron, Stephane and Mart{\'\i}nez-Torres, Rub{\'e}n J and Meier, Pascal and McDonald, Neil Q},
  journal={Cell reports},
  volume={17},
  number={12},
  pages={3319--3332},
  year={2016},
  publisher={Elsevier}
}

@article{pliner2019supervised,
  title={Supervised classification enables rapid annotation of cell atlases},
  author={Pliner, Hannah A and Shendure, Jay and Trapnell, Cole},
  journal={Nature methods},
  volume={16},
  number={10},
  pages={983--986},
  year={2019},
  publisher={Nature Publishing Group US New York}
}

@article{ponzoni2018structural,
  title={Structural dynamics is a determinant of the functional significance of missense variants},
  author={Ponzoni, Luca and Bahar, Ivet},
  journal={Biophysical Journal},
  volume={114},
  number={3},
  pages={232a},
  year={2018},
  publisher={Elsevier}
}

@article{ponzoni2020rhapsody,
  title={Rhapsody: predicting the pathogenicity of human missense variants},
  author={Ponzoni, Luca and Pe{\~n}aherrera, Daniel A and Oltvai, Zolt{\'a}n N and Bahar, Ivet},
  journal={Bioinformatics},
  volume={36},
  number={10},
  pages={3084--3092},
  year={2020},
  publisher={Oxford University Press}
}

@article{popova2012ploidy,
  title={Ploidy and large-scale genomic instability consistently identify basal-like breast carcinomas with BRCA1/2 inactivation},
  author={Popova, Tatiana and Mani{\'e}, Elodie and Rieunier, Guillaume and Caux-Moncoutier, Virginie and Tirapo, Carole and Dubois, Thierry and Delattre, Olivier and Sigal-Zafrani, Brigitte and Bollet, Marc and Longy, Michel and others},
  journal={Cancer research},
  volume={72},
  number={21},
  pages={5454--5462},
  year={2012},
  publisher={AACR}
}

@article{pott2017simultaneous,
  title={Simultaneous measurement of chromatin accessibility, DNA methylation, and nucleosome phasing in single cells},
  author={Pott, Sebastian},
  journal={elife},
  volume={6},
  pages={e23203},
  year={2017},
  publisher={eLife Sciences Publications, Ltd}
}

@article{poujade2018wsb,
  title={WSB-1 regulates the metastatic potential of hormone receptor negative breast cancer},
  author={Poujade, Flore-Anne and Mannion, Aarren and Brittain, Nicholas and Theodosi, Andrew and Beeby, Ellie and Leszczynska, Katarzyna B and Hammond, Ester M and Greenman, John and Cawthorne, Christopher and Pires, Isabel M},
  journal={British Journal of Cancer},
  volume={118},
  number={9},
  pages={1229--1237},
  year={2018},
  publisher={Nature Publishing Group UK London}
}

@article{priedigkeit2017intrinsic,
  title={Intrinsic subtype switching and acquired ERBB2/HER2 amplifications and mutations in breast cancer brain metastases},
  author={Priedigkeit, Nolan and Hartmaier, Ryan J and Chen, Yijing and Vareslija, Damir and Basudan, Ahmed and Watters, Rebecca J and Thomas, Roby and Leone, Jose P and Lucas, Peter C and Bhargava, Rohit and others},
  journal={JAMA oncology},
  volume={3},
  number={5},
  pages={666--671},
  year={2017},
  publisher={American Medical Association}
}

@article{priedigkeit2017exome,
  title={Exome-capture RNA sequencing of decade-old breast cancers and matched decalcified bone metastases},
  author={Priedigkeit, Nolan and Watters, Rebecca J and Lucas, Peter C and Basudan, Ahmed and Bhargava, Rohit and Horne, William and Kolls, Jay K and Fang, Zhou and Rosenzweig, Margaret Q and Brufsky, Adam M and others},
  journal={JCI insight},
  volume={2},
  number={17},
  year={2017},
  publisher={American Society for Clinical Investigation}
}

@article{priestley2019pan,
  title={Pan-cancer whole-genome analyses of metastatic solid tumours},
  author={Priestley, Peter and Baber, Jonathan and Lolkema, Martijn P and Steeghs, Neeltje and de Bruijn, Ewart and Shale, Charles and Duyvesteyn, Korneel and Haidari, Susan and van Hoeck, Arne and Onstenk, Wendy and others},
  journal={Nature},
  volume={575},
  number={7781},
  pages={210--216},
  year={2019},
  publisher={Nature Publishing Group UK London}
}

@article{puram2017single,
  title={Single-cell transcriptomic analysis of primary and metastatic tumor ecosystems in head and neck cancer},
  author={Puram, Sidharth V and Tirosh, Itay and Parikh, Anuraag S and Patel, Anoop P and Yizhak, Keren and Gillespie, Shawn and Rodman, Christopher and Luo, Christina L and Mroz, Edmund A and Emerick, Kevin S and others},
  journal={Cell},
  volume={171},
  number={7},
  pages={1611--1624},
  year={2017},
  publisher={Elsevier}
}

@article{qian2004cadherin,
  title={E-cadherin-mediated adhesion inhibits ligand-dependent activation of diverse receptor tyrosine kinases},
  author={Qian, Xiaolan and Karpova, Tatiana and Sheppard, Allan M and McNally, James and Lowy, Douglas R},
  journal={The EMBO journal},
  volume={23},
  number={8},
  pages={1739--1784},
  year={2004},
  publisher={John Wiley \& Sons, Ltd Chichester, UK}
}

@article{qiao2014subcloneseeker,
  title={SubcloneSeeker: a computational framework for reconstructing tumor clone structure for cancer variant interpretation and prioritization},
  author={Qiao, Yi and Quinlan, Aaron R and Jazaeri, Amir A and Verhaak, Roeland GW and Wheeler, David A and Marth, Gabor T},
  journal={Genome biology},
  volume={15},
  pages={1--15},
  year={2014},
  publisher={Springer}
}

@article{qiu2019single,
  title={A single-cell immune atlas of triple negative breast cancer reveals novel immune cell subsets},
  author={Qiu, Si and Hong, Ruoxi and Zhuang, Zhenkun and Li, Yuan and Zhu, Linnan and Lin, Xinxin and Zheng, Qiufan and Liu, Shang and Zhang, Kai and Huang, Mengxian and others},
  journal={BioRxiv},
  pages={566968},
  year={2019},
  publisher={Cold Spring Harbor Laboratory}
}

@article{qiu2017reversed,
  title={Reversed graph embedding resolves complex single-cell trajectories},
  author={Qiu, Xiaojie and Mao, Qi and Tang, Ying and Wang, Li and Chawla, Raghav and Pliner, Hannah A and Trapnell, Cole},
  journal={Nature methods},
  volume={14},
  number={10},
  pages={979--982},
  year={2017},
  publisher={Nature Publishing Group UK London}
}

@article{ramani2020sci,
  title={Sci-Hi-C: a single-cell Hi-C method for mapping 3D genome organization in large number of single cells},
  author={Ramani, Vijay and Deng, Xinxian and Qiu, Ruolan and Lee, Choli and Disteche, Christine M and Noble, William S and Shendure, Jay and Duan, Zhijun},
  journal={Methods},
  volume={170},
  pages={61--68},
  year={2020},
  publisher={Elsevier}
}

@article{raudvere2019g,
  title={g: Profiler: a web server for functional enrichment analysis and conversions of gene lists (2019 update)},
  author={Raudvere, Uku and Kolberg, Liis and Kuzmin, Ivan and Arak, Tambet and Adler, Priit and Peterson, Hedi and Vilo, Jaak},
  journal={Nucleic acids research},
  volume={47},
  number={W1},
  pages={W191--W198},
  year={2019},
  publisher={Oxford University Press}
}

@article{razavi2018genomic,
  title={The genomic landscape of endocrine-resistant advanced breast cancers},
  author={Razavi, Pedram and Chang, Matthew T and Xu, Guotai and Bandlamudi, Chaitanya and Ross, Dara S and Vasan, Neil and Cai, Yanyan and Bielski, Craig M and Donoghue, Mark TA and Jonsson, Philip and others},
  journal={Cancer cell},
  volume={34},
  number={3},
  pages={427--438},
  year={2018},
  publisher={Elsevier}
}

@article{regev2017human,
  title={The human cell atlas},
  author={Regev, Aviv and Teichmann, Sarah A and Lander, Eric S and Amit, Ido and Benoist, Christophe and Birney, Ewan and Bodenmiller, Bernd and Campbell, Peter and Carninci, Piero and Clatworthy, Menna and others},
  journal={elife},
  volume={6},
  pages={e27041},
  year={2017},
  publisher={eLife Sciences Publications, Ltd}
}

@article{richard2014involvement,
  title={Involvement of macrophage migration inhibitory factor and its receptor (CD74) in human breast cancer},
  author={Richard, Vincent and Kindt, Nad{\`e}ge and Decaestecker, Christine and Gabius, Hans-Joachim and Laurent, Guy and Noel, Jean-Christophe and Saussez, Sven},
  journal={Oncology reports},
  volume={32},
  number={2},
  pages={523--529},
  year={2014},
  publisher={Spandidos Publications}
}

@article{richard2015macrophage,
  title={Macrophage migration inhibitory factor involvement in breast cancer},
  author={Richard, Vincent and Kindt, Nadege and Saussez, Sven},
  journal={International journal of oncology},
  volume={47},
  number={5},
  pages={1627--1633},
  year={2015},
  publisher={Spandidos Publications}
}

@article{robinson2017integrative,
  title={Integrative clinical genomics of metastatic cancer},
  author={Robinson, Dan R and Wu, Yi-Mi and Lonigro, Robert J and Vats, Pankaj and Cobain, Erin and Everett, Jessica and Cao, Xuhong and Rabban, Erica and Kumar-Sinha, Chandan and Raymond, Victoria and others},
  journal={Nature},
  volume={548},
  number={7667},
  pages={297--303},
  year={2017},
  publisher={Nature Publishing Group UK London}
}

@article{roden2018single,
  title={Single cell transcriptomics reveals molecular subtype and functional heterogeneity in models of breast cancer},
  author={Roden, Daniel L and Baker, Laura A and Elsworth, Benjamin and Chan, Chia-Ling and Harvey, Kate and Deng, Niantao and Wu, Sunny Z and Cazet, Aurelie and Nair, Radhika and Swarbrick, Alexander},
  journal={bioRxiv},
  pages={282079},
  year={2018},
  publisher={Cold Spring Harbor Laboratory}
}

@article{rosenberg2018single,
  title={Single-cell profiling of the developing mouse brain and spinal cord with split-pool barcoding},
  author={Rosenberg, Alexander B and Roco, Charles M and Muscat, Richard A and Kuchina, Anna and Sample, Paul and Yao, Zizhen and Graybuck, Lucas T and Peeler, David J and Mukherjee, Sumit and Chen, Wei and others},
  journal={Science},
  volume={360},
  number={6385},
  pages={176--182},
  year={2018},
  publisher={American Association for the Advancement of Science}
}

@article{rosenthal2016deconstructsigs,
  title={DeconstructSigs: delineating mutational processes in single tumors distinguishes DNA repair deficiencies and patterns of carcinoma evolution},
  author={Rosenthal, Rachel and McGranahan, Nicholas and Herrero, Javier and Taylor, Barry S and Swanton, Charles},
  journal={Genome biology},
  volume={17},
  number={1},
  pages={1--11},
  year={2016},
  publisher={BioMed Central}
}

@article{rotem2015single,
  title={Single-cell ChIP-seq reveals cell subpopulations defined by chromatin state},
  author={Rotem, Assaf and Ram, Oren and Shoresh, Noam and Sperling, Ralph A and Goren, Alon and Weitz, David A and Bernstein, Bradley E},
  journal={Nature biotechnology},
  volume={33},
  number={11},
  pages={1165--1172},
  year={2015},
  publisher={Nature Publishing Group US New York}
}

@article{roth2014pyclone,
  title={PyClone: statistical inference of clonal population structure in cancer},
  author={Roth, Andrew and Khattra, Jaswinder and Yap, Damian and Wan, Adrian and Laks, Emma and Biele, Justina and Ha, Gavin and Aparicio, Samuel and Bouchard-C{\^o}t{\'e}, Alexandre and Shah, Sohrab P},
  journal={Nature methods},
  volume={11},
  number={4},
  pages={396--398},
  year={2014},
  publisher={Nature Publishing Group US New York}
}

@article{rozenblatt2020human,
  title={The human tumor atlas network: charting tumor transitions across space and time at single-cell resolution},
  author={Rozenblatt-Rosen, Orit and Regev, Aviv and Oberdoerffer, Philipp and Nawy, Tal and Hupalowska, Anna and Rood, Jennifer E and Ashenberg, Orr and Cerami, Ethan and Coffey, Robert J and Demir, Emek and others},
  journal={Cell},
  volume={181},
  number={2},
  pages={236--249},
  year={2020},
  publisher={Elsevier}
}

@article{sachs2018living,
  title={A living biobank of breast cancer organoids captures disease heterogeneity},
  author={Sachs, Norman and de Ligt, Joep and Kopper, Oded and Gogola, Ewa and Bounova, Gergana and Weeber, Fleur and Balgobind, Anjali Vanita and Wind, Karin and Gracanin, Ana and Begthel, Harry and others},
  journal={Cell},
  volume={172},
  number={1},
  pages={373--386},
  year={2018},
  publisher={Elsevier}
}

@article{saelens2019comparison,
  title={A comparison of single-cell trajectory inference methods},
  author={Saelens, Wouter and Cannoodt, Robrecht and Todorov, Helena and Saeys, Yvan},
  journal={Nature biotechnology},
  volume={37},
  number={5},
  pages={547--554},
  year={2019},
  publisher={Nature Publishing Group US New York}
}

@article{savas2018single,
  title={Single-cell profiling of breast cancer T cells reveals a tissue-resident memory subset associated with improved prognosis},
  author={Savas, Peter and Virassamy, Balaji and Ye, Chengzhong and Salim, Agus and Mintoff, Christopher P and Caramia, Franco and Salgado, Roberto and Byrne, David J and Teo, Zhi L and Dushyanthen, Sathana and others},
  journal={Nature medicine},
  volume={24},
  number={7},
  pages={986--993},
  year={2018},
  publisher={Nature Publishing Group US New York}
}

@article{schmid2018atezolizumab,
  title={Atezolizumab and nab-paclitaxel in advanced triple-negative breast cancer},
  author={Schmid, Peter and Adams, Sylvia and Rugo, Hope S and Schneeweiss, Andreas and Barrios, Carlos H and Iwata, Hiroji and Di{\'e}ras, V{\'e}ronique and Hegg, Roberto and Im, Seock-Ah and Shaw Wright, Gail and others},
  journal={New England Journal of Medicine},
  volume={379},
  number={22},
  pages={2108--2121},
  year={2018},
  publisher={Mass Medical Soc}
}

@article{cancer2010towards,
  title={Towards patient-based cancer therapeutics},
  author={Cancer Target Discovery and Development Network and Schreiber, Stuart L and Shamji, Alykhan F and Clemons, Paul A and Hon, Cindy and Koehler, Angela N and Munoz, Benito and Palmer, Michelle and Stern, Andrew M and Wagner, Bridget K and others},
  journal={Nature biotechnology},
  volume={28},
  number={9},
  pages={904--906},
  year={2010},
  publisher={Nature Publishing Group US New York}
}

@article{schrijver2018receptor,
  title={Receptor conversion in distant breast cancer metastases: a systematic review and meta-analysis},
  author={Schrijver, Willemijne AME and Suijkerbuijk, Karijn PM and Van Gils, Carla H and Van Der Wall, Elsken and Moelans, Cathy B and Van Diest, Paul J},
  journal={JNCI: Journal of the National Cancer Institute},
  volume={110},
  number={6},
  pages={568--580},
  year={2018},
  publisher={Oxford University Press}
}

@article{schwartz2011role,
  title={The role of interferon regulatory factor-1 (IRF1) in overcoming antiestrogen resistance in the treatment of breast cancer},
  author={Schwartz, JL and Shajahan, AN and Clarke, R and others},
  journal={International journal of breast cancer},
  volume={2011},
  year={2011},
  publisher={Hindawi}
}

@article{semenza2016hypoxic,
  title={The hypoxic tumor microenvironment: A driving force for breast cancer progression},
  author={Semenza, Gregg L},
  journal={Biochimica et Biophysica Acta (BBA)-Molecular Cell Research},
  volume={1863},
  number={3},
  pages={382--391},
  year={2016},
  publisher={Elsevier}
}

@article{sethuraman2018bhlhe40,
  title={BHLHE40 confers a pro-survival and pro-metastatic phenotype to breast cancer cells by modulating HBEGF secretion},
  author={Sethuraman, Aarti and Brown, Martin and Krutilina, Raya and Wu, Zhao-Hui and Seagroves, Tiffany N and Pfeffer, Lawrence M and Fan, Meiyun},
  journal={Breast Cancer Research},
  volume={20},
  pages={1--17},
  year={2018},
  publisher={Springer}
}

@article{shang2002molecular,
  title={Molecular determinants for the tissue specificity of SERMs},
  author={Shang, Yongfeng and Brown, Myles},
  journal={Science},
  volume={295},
  number={5564},
  pages={2465--2468},
  year={2002},
  publisher={American Association for the Advancement of Science}
}

@article{shannon2003cytoscape,
  title={Cytoscape: a software environment for integrated models of biomolecular interaction networks},
  author={Shannon, Paul and Markiel, Andrew and Ozier, Owen and Baliga, Nitin S and Wang, Jonathan T and Ramage, Daniel and Amin, Nada and Schwikowski, Benno and Ideker, Trey},
  journal={Genome research},
  volume={13},
  number={11},
  pages={2498--2504},
  year={2003},
  publisher={Cold Spring Harbor Lab}
}

@article{sharma2010biopsying,
  title={Why biopsying metastatic breast cancer should be routine},
  author={Sharma, Anand and Crook, Tim and Thompson, Alastair and Palmieri, Carlo},
  journal={Nature reviews Clinical oncology},
  volume={7},
  number={2},
  pages={72--74},
  year={2010},
  publisher={Nature Publishing Group UK London}
}

@article{shen2016facets,
  title={FACETS: allele-specific copy number and clonal heterogeneity analysis tool for high-throughput DNA sequencing},
  author={Shen, Ronglai and Seshan, Venkatraman E},
  journal={Nucleic acids research},
  volume={44},
  number={16},
  pages={e131--e131},
  year={2016},
  publisher={Oxford University Press}
}

@article{sheng2017effective,
  title={Effective detection of variation in single-cell transcriptomes using MATQ-seq},
  author={Sheng, Kuanwei and Cao, Wenjian and Niu, Yichi and Deng, Qing and Zong, Chenghang},
  journal={Nature methods},
  volume={14},
  number={3},
  pages={267--270},
  year={2017},
  publisher={Nature Publishing Group US New York}
}

@article{shi2020organoid,
  title={Organoid cultures as preclinical models of non--small cell lung cancer},
  author={Shi, Ruoshi and Radulovich, Nikolina and Ng, Christine and Liu, Ni and Notsuda, Hirotsugu and Cabanero, Michael and Martins-Filho, Sebastiao N and Raghavan, Vibha and Li, Quan and Mer, Arvind Singh and others},
  journal={Clinical Cancer Research},
  volume={26},
  number={5},
  pages={1162--1174},
  year={2020},
  publisher={AACR}
}

@article{shiau1998structural,
  title={The structural basis of estrogen receptor/coactivator recognition and the antagonism of this interaction by tamoxifen},
  author={Shiau, Andrew K and Barstad, Danielle and Loria, Paula M and Cheng, Lin and Kushner, Peter J and Agard, David A and Greene, Geoffrey L},
  journal={Cell},
  volume={95},
  number={7},
  pages={927--937},
  year={1998},
  publisher={Elsevier}
}

@article{siegel2018integrated,
  title={Integrated RNA and DNA sequencing reveals early drivers of metastatic breast cancer},
  author={Siegel, Marni B and He, Xiaping and Hoadley, Katherine A and Hoyle, Alan and Pearce, Julia B and Garrett, Amy L and Kumar, Sunil and Moylan, Vincent J and Brady, Claudia M and Van Swearingen, Amanda ED and others},
  journal={The Journal of clinical investigation},
  volume={128},
  number={4},
  pages={1371--1383},
  year={2018},
  publisher={Am Soc Clin Investig}
}

@article{smallwood2014single,
  title={Single-cell genome-wide bisulfite sequencing for assessing epigenetic heterogeneity},
  author={Smallwood, S{\'e}bastien A and Lee, Heather J and Angermueller, Christof and Krueger, Felix and Saadeh, Heba and Peat, Julian and Andrews, Simon R and Stegle, Oliver and Reik, Wolf and Kelsey, Gavin},
  journal={Nature methods},
  volume={11},
  number={8},
  pages={817--820},
  year={2014},
  publisher={Nature Publishing Group US New York}
}

@article{smith2003aromatase,
  title={Aromatase inhibitors in breast cancer},
  author={Smith, Ian E and Dowsett, Mitch},
  journal={New England Journal of Medicine},
  volume={348},
  number={24},
  pages={2431--2442},
  year={2003},
  publisher={Mass Medical Soc}
}

@article{smith2019targeted,
  title={Targeted mutation detection in breast cancer using MammaSeq™},
  author={Smith, Nicholas G and Gyanchandani, Rekha and Shah, Osama S and Gurda, Grzegorz T and Lucas, Peter C and Hartmaier, Ryan J and Brufsky, Adam M and Puhalla, Shannon and Bahreini, Amir and Kota, Karthik and others},
  journal={Breast Cancer Research},
  volume={21},
  number={1},
  pages={1--11},
  year={2019},
  publisher={BioMed Central}
}

@article{song2006membrane,
  title={Membrane initiated estrogen signaling in breast cancer},
  author={Song, Robert X-D and Santen, Richard J},
  journal={Biology of reproduction},
  volume={75},
  number={1},
  pages={9--16},
  year={2006},
  publisher={Oxford University Press}
}

@article{spanjaard2018simultaneous,
  title={Simultaneous lineage tracing and cell-type identification using CRISPR--Cas9-induced genetic scars},
  author={Spanjaard, Bastiaan and Hu, Bo and Mitic, Nina and Olivares-Chauvet, Pedro and Janjuha, Sharan and Ninov, Nikolay and Junker, Jan Philipp},
  journal={Nature biotechnology},
  volume={36},
  number={5},
  pages={469--473},
  year={2018},
  publisher={Nature Publishing Group US New York}
}

@article{srivastava2019alevin,
  title={Alevin efficiently estimates accurate gene abundances from dscRNA-seq data},
  author={Srivastava, Avi and Malik, Laraib and Smith, Tom and Sudbery, Ian and Patro, Rob},
  journal={Genome biology},
  volume={20},
  pages={1--16},
  year={2019},
  publisher={Springer}
}

@article{stoeckius2017simultaneous,
  title={Simultaneous epitope and transcriptome measurement in single cells},
  author={Stoeckius, Marlon and Hafemeister, Christoph and Stephenson, William and Houck-Loomis, Brian and Chattopadhyay, Pratip K and Swerdlow, Harold and Satija, Rahul and Smibert, Peter},
  journal={Nature methods},
  volume={14},
  number={9},
  pages={865--868},
  year={2017},
  publisher={Nature Publishing Group}
}

@article{stoeckius2018cell,
  title={Cell Hashing with barcoded antibodies enables multiplexing and doublet detection for single cell genomics},
  author={Stoeckius, Marlon and Zheng, Shiwei and Houck-Loomis, Brian and Hao, Stephanie and Yeung, Bertrand Z and Mauck, William M and Smibert, Peter and Satija, Rahul},
  journal={Genome biology},
  volume={19},
  number={1},
  pages={1--12},
  year={2018},
  publisher={BioMed Central}
}

@article{street2018slingshot,
  title={Slingshot: cell lineage and pseudotime inference for single-cell transcriptomics},
  author={Street, Kelly and Risso, Davide and Fletcher, Russell B and Das, Diya and Ngai, John and Yosef, Nir and Purdom, Elizabeth and Dudoit, Sandrine},
  journal={BMC genomics},
  volume={19},
  pages={1--16},
  year={2018},
  publisher={Springer}
}

@article{stuart2019comprehensive,
  title={Comprehensive integration of single-cell data},
  author={Stuart, Tim and Butler, Andrew and Hoffman, Paul and Hafemeister, Christoph and Papalexi, Efthymia and Mauck, William M and Hao, Yuhan and Stoeckius, Marlon and Smibert, Peter and Satija, Rahul},
  journal={Cell},
  volume={177},
  number={7},
  pages={1888--1902},
  year={2019},
  publisher={Elsevier}
}

@article{subik2010expression,
  title={The expression patterns of ER, PR, HER2, CK5/6, EGFR, Ki-67 and AR by immunohistochemical analysis in breast cancer cell lines},
  author={Subik, Kristina and Lee, Jin-Feng and Baxter, Laurie and Strzepek, Tamera and Costello, Dawn and Crowley, Patti and Xing, Lianping and Hung, Mien-Chie and Bonfiglio, Thomas and Hicks, David G and others},
  journal={Breast cancer: basic and clinical research},
  volume={4},
  pages={117822341000400004},
  year={2010},
  publisher={SAGE Publications Sage UK: London, England}
}

@article{subramanian2005gene,
  title={Gene set enrichment analysis: a knowledge-based approach for interpreting genome-wide expression profiles},
  author={Subramanian, Aravind and Tamayo, Pablo and Mootha, Vamsi K and Mukherjee, Sayan and Ebert, Benjamin L and Gillette, Michael A and Paulovich, Amanda and Pomeroy, Scott L and Golub, Todd R and Lander, Eric S and others},
  journal={Proceedings of the National Academy of Sciences},
  volume={102},
  number={43},
  pages={15545--15550},
  year={2005},
  publisher={National Acad Sciences}
}

@article{subramanian2017next,
  title={A next generation connectivity map: L1000 platform and the first 1,000,000 profiles},
  author={Subramanian, Aravind and Narayan, Rajiv and Corsello, Steven M and Peck, David D and Natoli, Ted E and Lu, Xiaodong and Gould, Joshua and Davis, John F and Tubelli, Andrew A and Asiedu, Jacob K and others},
  journal={Cell},
  volume={171},
  number={6},
  pages={1437--1452},
  year={2017},
  publisher={Elsevier}
}

@article{svensson2018exponential,
  title={Exponential scaling of single-cell RNA-seq in the past decade},
  author={Svensson, Valentine and Vento-Tormo, Roser and Teichmann, Sarah A},
  journal={Nature protocols},
  volume={13},
  number={4},
  pages={599--604},
  year={2018},
  publisher={Nature Publishing Group UK London}
}

@article{swain2015pertuzumab,
  title={Pertuzumab, trastuzumab, and docetaxel in HER2-positive metastatic breast cancer},
  author={Swain, Sandra M and Baselga, Jos{\'e} and Kim, Sung-Bae and Ro, Jungsil and Semiglazov, Vladimir and Campone, Mario and Ciruelos, Eva and Ferrero, Jean-Marc and Schneeweiss, Andreas and Heeson, Sarah and others},
  journal={New England journal of medicine},
  volume={372},
  number={8},
  pages={724--734},
  year={2015},
  publisher={Mass Medical Soc}
}

@article{tak2016effects,
  title={Effects on the transcriptome upon deletion of a distal element cannot be predicted by the size of the H3K27Ac peak in human cells},
  author={Tak, Yu Gyoung and Hung, Yuli and Yao, Lijing and Grimmer, Matthew R and Do, Albert and Bhakta, Mital S and O'Geen, Henriette and Segal, David J and Farnham, Peggy J},
  journal={Nucleic acids research},
  volume={44},
  number={9},
  pages={4123--4133},
  year={2016},
  publisher={Oxford University Press}
}

@article{tang2009mrna,
  title={mRNA-Seq whole-transcriptome analysis of a single cell},
  author={Tang, Fuchou and Barbacioru, Catalin and Wang, Yangzhou and Nordman, Ellen and Lee, Clarence and Xu, Nanlan and Wang, Xiaohui and Bodeau, John and Tuch, Brian B and Siddiqui, Asim and others},
  journal={Nature methods},
  volume={6},
  number={5},
  pages={377--382},
  year={2009},
  publisher={Nature Publishing Group US New York}
}

@article{tarca2013comparison,
  title={A comparison of gene set analysis methods in terms of sensitivity, prioritization and specificity},
  author={Tarca, Adi L and Bhatti, Gaurav and Romero, Roberto},
  journal={PloS one},
  volume={8},
  number={11},
  pages={e79217},
  year={2013},
  publisher={Public Library of Science San Francisco, USA}
}

@article{tate2019cosmic,
  title={COSMIC: the catalogue of somatic mutations in cancer},
  author={Tate, John G and Bamford, Sally and Jubb, Harry C and Sondka, Zbyslaw and Beare, David M and Bindal, Nidhi and Boutselakis, Harry and Cole, Charlotte G and Creatore, Celestino and Dawson, Elisabeth and others},
  journal={Nucleic acids research},
  volume={47},
  number={D1},
  pages={D941--D947},
  year={2019},
  publisher={Oxford University Press}
}

@article{teo2018cadherin,
  title={E-cadherin loss induces targetable autocrine activation of growth factor signalling in lobular breast cancer},
  author={Teo, Katy and G{\'o}mez-Cuadrado, Laura and Tenhagen, Milou and Byron, Adam and R{\"a}tze, Max and van Amersfoort, Miranda and Renes, Jojanneke and Strengman, Eric and Mandoli, Amit and Singh, Abhishek A and others},
  journal={Scientific reports},
  volume={8},
  number={1},
  pages={15454},
  year={2018},
  publisher={Nature Publishing Group UK London}
}

@article{tian2019benchmarking,
  title={Benchmarking single cell RNA-sequencing analysis pipelines using mixture control experiments},
  author={Tian, Luyi and Dong, Xueyi and Freytag, Saskia and L{\^e} Cao, Kim-Anh and Su, Shian and JalalAbadi, Abolfazl and Amann-Zalcenstein, Daniela and Weber, Tom S and Seidi, Azadeh and Jabbari, Jafar S and others},
  journal={Nature methods},
  volume={16},
  number={6},
  pages={479--487},
  year={2019},
  publisher={Nature Publishing Group US New York}
}

@article{tolaney2015adjuvant,
  title={Adjuvant paclitaxel and trastuzumab for node-negative, HER2-positive breast cancer},
  author={Tolaney, Sara M and Barry, William T and Dang, Chau T and Yardley, Denise A and Moy, Beverly and Marcom, P Kelly and Albain, Kathy S and Rugo, Hope S and Ellis, Matthew and Shapira, Iuliana and others},
  journal={New England Journal of Medicine},
  volume={372},
  number={2},
  pages={134--141},
  year={2015},
  publisher={Mass Medical Soc}
}

@article{tran2020benchmark,
  title={A benchmark of batch-effect correction methods for single-cell RNA sequencing data},
  author={Tran, Hoa Thi Nhu and Ang, Kok Siong and Chevrier, Marion and Zhang, Xiaomeng and Lee, Nicole Yee Shin and Goh, Michelle and Chen, Jinmiao},
  journal={Genome biology},
  volume={21},
  pages={1--32},
  year={2020},
  publisher={Springer}
}

@article{tsherniak2017defining,
  title={Defining a cancer dependency map},
  author={Tsherniak, Aviad and Vazquez, Francisca and Montgomery, Phil G and Weir, Barbara A and Kryukov, Gregory and Cowley, Glenn S and Gill, Stanley and Harrington, William F and Pantel, Sasha and Krill-Burger, John M and others},
  journal={Cell},
  volume={170},
  number={3},
  pages={564--576},
  year={2017},
  publisher={Elsevier}
}

@article{ullah2018evolutionary,
  title={Evolutionary history of metastatic breast cancer reveals minimal seeding from axillary lymph nodes},
  author={Ullah, Ikram and Karthik, Govindasamy-Muralidharan and Alkodsi, Amjad and Kj{\"a}llquist, Una and St{\aa}lhammar, Gustav and L{\"o}vrot, John and Martinez, Nelson-Fuentes and Lagergren, Jens and Hautaniemi, Sampsa and Hartman, Johan and others},
  journal={The Journal of clinical investigation},
  volume={128},
  number={4},
  pages={1355--1370},
  year={2018},
  publisher={Am Soc Clin Investig}
}

@article{valdes2021single,
  title={Single-cell transcriptomics reveals involution mimicry during the specification of the basal breast cancer subtype},
  author={Valdes-Mora, Fatima and Salomon, Robert and Gloss, Brian Stewart and Law, Andrew Man Kit and Venhuizen, Jeron and Castillo, Lesley and Murphy, Kendelle Joan and Magenau, Astrid and Papanicolaou, Michael and de la Fuente, Laura Rodriguez and others},
  journal={Cell Reports},
  volume={35},
  number={2},
  year={2021},
  publisher={Elsevier}
}

@article{varevslija2019transcriptome,
  title={Transcriptome characterization of matched primary breast and brain metastatic tumors to detect novel actionable targets},
  author={Vare{\v{s}}lija, Damir and Priedigkeit, Nolan and Fagan, Ail{\'\i}s and Purcell, Siobhan and Cosgrove, Nicola and O’Halloran, Philip J and Ward, Elspeth and Cocchiglia, Sin{\'e}ad and Hartmaier, Ryan and Castro, Carlos A and others},
  journal={JNCI: Journal of the National Cancer Institute},
  volume={111},
  number={4},
  pages={388--398},
  year={2019},
  publisher={Oxford University Press}
}

@article{van2015nuclear,
  title={Nuclear p120-catenin regulates the anoikis resistance of mouse lobular breast cancer cells through Kaiso-dependent Wnt11 expression},
  author={Van de Ven, Robert AH and Tenhagen, Milou and Meuleman, Wouter and van Riel, Jeske JG and Schackmann, Ron CJ and Derksen, Patrick WB},
  journal={Disease models \& mechanisms},
  volume={8},
  number={4},
  pages={373--384},
  year={2015},
  publisher={The Company of Biologists Limited}
}

@article{vieth2019systematic,
  title={A systematic evaluation of single cell RNA-seq analysis pipelines},
  author={Vieth, Beate and Parekh, Swati and Ziegenhain, Christoph and Enard, Wolfgang and Hellmann, Ines},
  journal={Nature communications},
  volume={10},
  number={1},
  pages={4667},
  year={2019},
  publisher={Nature Publishing Group UK London}
}

@article{vitak2017sequencing,
  title={Sequencing thousands of single-cell genomes with combinatorial indexing},
  author={Vitak, Sarah A and Torkenczy, Kristof A and Rosenkrantz, Jimi L and Fields, Andrew J and Christiansen, Lena and Wong, Melissa H and Carbone, Lucia and Steemers, Frank J and Adey, Andrew},
  journal={Nature methods},
  volume={14},
  number={3},
  pages={302--308},
  year={2017},
  publisher={Nature Publishing Group US New York}
}

@article{vlachogiannis2018patient,
  title={Patient-derived organoids model treatment response of metastatic gastrointestinal cancers},
  author={Vlachogiannis, Georgios and Hedayat, Somaieh and Vatsiou, Alexandra and Jamin, Yann and Fern{\'a}ndez-Mateos, Javier and Khan, Khurum and Lampis, Andrea and Eason, Katherine and Huntingford, Ian and Burke, Rosemary and others},
  journal={Science},
  volume={359},
  number={6378},
  pages={920--926},
  year={2018},
  publisher={American Association for the Advancement of Science}
}

@article{waks2019breast,
  title={Breast cancer treatment: a review},
  author={Waks, Adrienne G and Winer, Eric P},
  journal={Jama},
  volume={321},
  number={3},
  pages={288--300},
  year={2019},
  publisher={American Medical Association}
}

@article{wallden2015development,
  title={Development and verification of the PAM50-based Prosigna breast cancer gene signature assay},
  author={Wallden, Brett and Storhoff, James and Nielsen, Torsten and Dowidar, Naeem and Schaper, Carl and Ferree, Sean and Liu, Shuzhen and Leung, Samuel and Geiss, Gary and Snider, Jacqueline and others},
  journal={BMC medical genomics},
  volume={8},
  number={1},
  pages={1--14},
  year={2015},
  publisher={BioMed Central}
}

@article{wang2019single,
  title={Single-cell profiling guided combinatorial immunotherapy for fast-evolving CDK4/6 inhibitor-resistant HER2-positive breast cancer},
  author={Wang, Qingfei and Guldner, Ian H and Golomb, Samantha M and Sun, Longhua and Harris, Jack A and Lu, Xin and Zhang, Siyuan},
  journal={Nature communications},
  volume={10},
  number={1},
  pages={3817},
  year={2019},
  publisher={Nature Publishing Group UK London}
}

@article{wang2018three,
  title={Three-dimensional intact-tissue sequencing of single-cell transcriptional states},
  author={Wang, Xiao and Allen, William E and Wright, Matthew A and Sylwestrak, Emily L and Samusik, Nikolay and Vesuna, Sam and Evans, Kathryn and Liu, Cindy and Ramakrishnan, Charu and Liu, Jia and others},
  journal={Science},
  volume={361},
  number={6400},
  pages={eaat5691},
  year={2018},
  publisher={American Association for the Advancement of Science}
}

@article{wang2014clonal,
  title={Clonal evolution in breast cancer revealed by single nucleus genome sequencing},
  author={Wang, Yong and Waters, Jill and Leung, Marco L and Unruh, Anna and Roh, Whijae and Shi, Xiuqing and Chen, Ken and Scheet, Paul and Vattathil, Selina and Liang, Han and others},
  journal={Nature},
  volume={512},
  number={7513},
  pages={155--160},
  year={2014},
  publisher={Nature Publishing Group UK London}
}

@article{weigelt2010histological,
  title={Histological types of breast cancer: how special are they?},
  author={Weigelt, Britta and Geyer, Felipe C and Reis-Filho, Jorge S},
  journal={Molecular oncology},
  volume={4},
  number={3},
  pages={192--208},
  year={2010},
  publisher={Elsevier}
}

@article{weinreb2018spring,
  title={SPRING: a kinetic interface for visualizing high dimensional single-cell expression data},
  author={Weinreb, Caleb and Wolock, Samuel and Klein, Allon M},
  journal={Bioinformatics},
  volume={34},
  number={7},
  pages={1246--1248},
  year={2018},
  publisher={Oxford University Press}
}

@article{welch2019single,
  title={Single-cell multi-omic integration compares and contrasts features of brain cell identity},
  author={Welch, Joshua D and Kozareva, Velina and Ferreira, Ashley and Vanderburg, Charles and Martin, Carly and Macosko, Evan Z},
  journal={Cell},
  volume={177},
  number={7},
  pages={1873--1887},
  year={2019},
  publisher={Elsevier}
}

@article{wells2012vandetanib,
  title={Vandetanib in patients with locally advanced or metastatic medullary thyroid cancer: a randomized, double-blind phase III trial},
  author={Wells Jr, Samuel A and Robinson, Bruce G and Gagel, Robert F and Dralle, Henning and Fagin, James A and Santoro, Massimo and Baudin, Eric and Elisei, Rossella and Jarzab, Barbara and Vasselli, James R and others},
  journal={Journal of clinical oncology},
  volume={30},
  number={2},
  pages={134},
  year={2012},
  publisher={American Society of Clinical Oncology}
}

@article{van2015prospective,
  title={Prospective derivation of a living organoid biobank of colorectal cancer patients},
  author={Van de Wetering, Marc and Francies, Hayley E and Francis, Joshua M and Bounova, Gergana and Iorio, Francesco and Pronk, Apollo and van Houdt, Winan and van Gorp, Joost and Taylor-Weiner, Amaro and Kester, Lennart and others},
  journal={Cell},
  volume={161},
  number={4},
  pages={933--945},
  year={2015},
  publisher={Elsevier}
}

@article{whitfield2002identification,
  title={Identification of genes periodically expressed in the human cell cycle and their expression in tumors},
  author={Whitfield, Michael L and Sherlock, Gavin and Saldanha, Alok J and Murray, John I and Ball, Catherine A and Alexander, Karen E and Matese, John C and Perou, Charles M and Hurt, Myra M and Brown, Patrick O and others},
  journal={Molecular biology of the cell},
  volume={13},
  number={6},
  pages={1977--2000},
  year={2002},
  publisher={Am Soc Cell Biol}
}

@article{williams2001crystal,
  title={Crystal structure of the BRCT repeat region from the breast cancer-associated protein BRCA1},
  author={Williams, R Scott and Green, Ruth and Glover, JN Mark},
  journal={Nature structural biology},
  volume={8},
  number={10},
  pages={838--842},
  year={2001},
  publisher={Nature Publishing Group US New York}
}

@article{wolf2019paga,
  title={PAGA: graph abstraction reconciles clustering with trajectory inference through a topology preserving map of single cells},
  author={Wolf, F Alexander and Hamey, Fiona K and Plass, Mireya and Solana, Jordi and Dahlin, Joakim S and G{\"o}ttgens, Berthold and Rajewsky, Nikolaus and Simon, Lukas and Theis, Fabian J},
  journal={Genome biology},
  volume={20},
  pages={1--9},
  year={2019},
  publisher={Springer}
}

@article{wolock2019scrublet,
  title={Scrublet: computational identification of cell doublets in single-cell transcriptomic data},
  author={Wolock, Samuel L and Lopez, Romain and Klein, Allon M},
  journal={Cell systems},
  volume={8},
  number={4},
  pages={281--291},
  year={2019},
  publisher={Elsevier}
}

@article{wong2011chasm,
  title={CHASM and SNVBox: toolkit for detecting biologically important single nucleotide mutations in cancer},
  author={Wong, Wing Chung and Kim, Dewey and Carter, Hannah and Diekhans, Mark and Ryan, Michael C and Karchin, Rachel},
  journal={Bioinformatics},
  volume={27},
  number={15},
  pages={2147--2148},
  year={2011},
  publisher={Oxford University Press}
}

@article{xu2017twist1,
  title={Twist1 promotes breast cancer invasion and metastasis by silencing Foxa1 expression},
  author={Xu, Yixiang and Qin, Li and Sun, Tong and Wu, Hongmei and He, Tao and Yang, Zhihui and Mo, Qianxing and Liao, Lan and Xu, Jianming},
  journal={Oncogene},
  volume={36},
  number={8},
  pages={1157--1166},
  year={2017},
  publisher={Nature Publishing Group}
}

@article{yoshihara2013inferring,
  title={Inferring tumour purity and stromal and immune cell admixture from expression data},
  author={Yoshihara, Kosuke and Shahmoradgoli, Maria and Mart{\'\i}nez, Emmanuel and Vegesna, Rahulsimham and Kim, Hoon and Torres-Garcia, Wandaliz and Trevi{\~n}o, Victor and Shen, Hui and Laird, Peter W and Levine, Douglas A and others},
  journal={Nature communications},
  volume={4},
  number={1},
  pages={2612},
  year={2013},
  publisher={Nature Publishing Group UK London}
}

@article{young2020soupx,
  title={SoupX removes ambient RNA contamination from droplet-based single-cell RNA sequencing data},
  author={Young, Matthew D and Behjati, Sam},
  journal={Gigascience},
  volume={9},
  number={12},
  pages={giaa151},
  year={2020},
  publisher={Oxford University Press}
}

@article{yu2019estimation,
  title={Estimation of immune cell content in tumor using single-cell RNA-seq reference data},
  author={Yu, Xiaoqing and Chen, Y Ann and Conejo-Garcia, Jose R and Chung, Christine H and Wang, Xuefeng},
  journal={BMC cancer},
  volume={19},
  pages={1--11},
  year={2019},
  publisher={Springer}
}

@article{zhao2016exploiting,
  title={Exploiting temporal collateral sensitivity in tumor clonal evolution},
  author={Zhao, Boyang and Sedlak, Joseph C and Srinivas, Raja and Creixell, Pau and Pritchard, Justin R and Tidor, Bruce and Lauffenburger, Douglas A and Hemann, Michael T},
  journal={Cell},
  volume={165},
  number={1},
  pages={234--246},
  year={2016},
  publisher={Elsevier}
}

@article{zhao2015molecular,
  title={Molecular subtyping for clinically defined breast cancer subgroups},
  author={Zhao, Xi and R{\o}dland, Einar Andreas and Tibshirani, Robert and Plevritis, Sylvia},
  journal={Breast Cancer Research},
  volume={17},
  pages={1--9},
  year={2015},
  publisher={Springer}
}

@article{zheng2017massively,
  title={Massively parallel digital transcriptional profiling of single cells},
  author={Zheng, Grace XY and Terry, Jessica M and Belgrader, Phillip and Ryvkin, Paul and Bent, Zachary W and Wilson, Ryan and Ziraldo, Solongo B and Wheeler, Tobias D and McDermott, Geoff P and Zhu, Junjie and others},
  journal={Nature communications},
  volume={8},
  number={1},
  pages={14049},
  year={2017},
  publisher={Nature Publishing Group UK London}
}

@article{zhu2019metastatic,
  title={Metastatic breast cancers have reduced immune cell recruitment but harbor increased macrophages relative to their matched primary tumors},
  author={Zhu, Li and Narloch, Jessica L and Onkar, Sayali and Joy, Marion and Broadwater, Gloria and Luedke, Catherine and Hall, Allison and Kim, Rim and Pogue-Geile, Katherine and Sammons, Sarah and others},
  journal={Journal for immunotherapy of cancer},
  volume={7},
  pages={1--10},
  year={2019},
  publisher={Springer}
}

@article{ziegenhain2017comparative,
  title={Comparative analysis of single-cell RNA sequencing methods},
  author={Ziegenhain, Christoph and Vieth, Beate and Parekh, Swati and Reinius, Bj{\"o}rn and Guillaumet-Adkins, Amy and Smets, Martha and Leonhardt, Heinrich and Heyn, Holger and Hellmann, Ines and Enard, Wolfgang},
  journal={Molecular cell},
  volume={65},
  number={4},
  pages={631--643},
  year={2017},
  publisher={Elsevier}
}

@article{gene47g,
  title={G.(2019). The gene ontology resource: 20 years and still GO-ing strong},
  author={Gene Ontology Consortium and others},
  journal={Nucleic Acids Research},
  volume={47},
  pages={39}
}















@article{zhangkun1994,
  author     = {张昆 and 冯立群 and 余昌钰 and others},
  title      = {机器人柔性手腕的球面齿轮设计研究},
  journal    = {清华大学学报: 自然科学版},
  volume     = {34},
  number     = {2},
  pages      = {1--7},
  year       = {1994},
  key        = {zhang1 kun1},
}


@inproceedings{dupont1974bone,
  author     = {Dupont, B},
  title      = {Bone marrow transplantation in severe combined immunodeficiency with an unrelated MLC compatible donor},
  editor     = {White, H J and Smith, R},
  booktitle  = {Proceedings of the third annual meeting of the International Society for Experimental Hematology},
  address    = {Houston},
  publisher  = {International Society for Experimental Hematology},
  year       = {1974},
  pages      = {44--46},
}

@book{zhukezhen1973,
  author     = {竺可桢},
  title      = {物理学论},
  address    = {北京},
  publisher  = {科学出版社},
  year       = {1973},
  pages      = {56--60},
  key        = {zhu2 ke3 zhen1},
}

@mastersthesis{zhengkaiqing1987,
  author     = {郑开青},
  title      = {通讯系统模拟及软件},
  address    = {北京},
  school     = {清华大学无线电系},
  year       = {1987},
  key        = {zheng4 kai1 qing1},
}

@article{jiangxizhou1980,
  author     = {姜锡洲},
  title      = {一种温热外敷药制备方案},
  address    = {中国},
  number     = {88105607.3},
  date       = {1980-07-26},
  key        = {jiang1 xi1 zhou1},
}

@article{jianduju1994,
  author     = {中华人民共和国国家技术监督局},
  title      = {GB3100-3102. 中华人民共和国国家标准-量与单位},
  address    = {北京},
  publisher  = {中国标准出版社},
  year       = {1994},
  key        = {zhong1 hua2 ren2 min2 gong4 he2 guo2},
}

@article{merkt1995rotational,
  author     = {Merkt, Fr{\'e}d{\'e}ric and Mackenzie, S R and Softley, Timothy P},
  title      = {Rotational Autoionization Dynamics in High Rydberg States of Nitrogen},
  journal    = {J Chem Phys},
  year       = {1995},
  volume     = {103},
  pages      = {4509--4518},
}

@article{mellinger1996laser,
  author     = {Mellinger, A and Vidal, C R and Jungen, {Ch}},
  title      = {Laser reduced fluorescence study of the carbon monoxide nd triplet Rydberg series - Experimental results and multichannel quantum defect analysis},
  journal    = {J Chem Phys},
  year       = {1996},
  volume     = {104},
  pages      = {8913--8921},
}

@article{bixon1996dynamics,
  author     = {Bixon, M and Jortner, Joshua},
  title      = {The dynamics of predissociating high {Rydberg} states of {NO}},
  journal    = {J Chem Phys},
  year       = {1996},
  volume     = {105},
  pages      = {1363--1382},
}

@article{mahui1995,
  author     = {马辉 and 李俭 and 刘耀明 and others},
  title      = {利用 {REMPI} 方法测量 {BaF} 高里德堡系列光谱},
  journal    = {化学物理学报},
  year       = {1995},
  volume     = {8},
  pages      = {308--311},
  key        = {ma3 hui1},
}

@article{carlson1981two,
  author     = {Carlson, N W and Taylor, A J and Jones, K M and Schawlow, A L},
  title      = {Two-step polarization-labeling spectroscopy of excited states of {Na2}},
  journal    = {Phys Rev A},
  year       = {1981},
  volume     = {24},
  pages      = {822--834},
}

@article{taylor1983scanning,
  author     = {Taylor, A J and Jones, K M and Schawlow, A L},
  title      = {Scanning pulsed-polarization spectrometer applied to {Na2}},
  journal    = {J Opt Soc Am},
  year       = {1983},
  volume     = {73},
  pages      = {994--998},
}

@article{taylor1981study,
  author     = {Taylor, A J and Jones, K M and Schawlow, A L},
  title      = {A study of the excited {1$\Sigma$g+} states in {Na2}},
  journal    = {Opt Commun},
  year       = {1981},
  volume     = {39},
  pages      = {47--50},
}

@article{shimizu1983laser,
  author     = {Shimizu, Kazuko and Shimizu, Fujio},
  title      = {Laser induced fluorescence spectra of the a {3$\Pi$u--X 1$\Sigma$g+} band of {Na2} by molecular beam},
  journal    = {J Chem Phys},
  year       = {1983},
  volume     = {78},
  pages      = {1126--1131},
}

@article{atkinson1982experimental,
  author     = {Atkinson, J B and Becker, J and Demtr{\"o}der, W},
  title      = {Experimental observation of the a {3$\Pi$u} state of {Na2}},
  journal    = {Chem Phys Lett},
  year       = {1982},
  volume     = {87},
  pages      = {92--97},
}

@article{kusch1975perturbations,
  author     = {Kusch, P and Hessel, M M},
  title      = {Perturbations in the A {1$\Sigma$u+} state of {Na2}},
  journal    = {J Chem Phys},
  year       = {1975},
  volume     = {63},
  pages      = {4087--4088},
}

@book{guangxi1993,
  author     = {广西壮族自治区林业厅},
  title      = {广西自然保护区},
  address    = {北京},
  publisher  = {中国林业出版社},
  year       = {1993},
  key        = {guang3 xi1 zhuang4 zu2 zi4 zhi4 qu1},
}

@book{huosini1989guwu,
  author     = {霍斯尼},
  title      = {谷物科学与工艺学原理},
  translator = {李庆龙},
  edition    = {2},
  address    = {北京},
  publisher  = {中国食品出版社},
  year       = {1989},
  pages      = {15--20},
  key        = {huo4 si1 ni2},
}

@book{wangfuzhi1865songlun,
  author     = {王夫之},
  title      = {宋论},
  edition    = {刻本},
  address    = {金陵},
  publisher  = {曾氏},
  year       = {1865（清同治四年）},
  key        = {wang2 fu1 zhi1},
}

@book{zhaoyaodong1998xinshidai,
  author     = {赵耀东},
  title      = {新时代的工业工程师},
  address    = {台北},
  publisher  = {天下文化出版社},
  year       = {1998},
  urldate    = {1998-09-26},
  url        = {http://www.ie.nthu.edu.tw/info/ie.newie.htm},
  key        = {zhao4 yao4 dong1},
}

@article{biaozhunhua2002tushu,
  author     = {全国信息与文献工作标准化技术委员会出版物格式分委员会},
  title      = {GB/T 12450-2001 图书书名页},
  address    = {北京},
  publisher  = {中国标准出版社},
  year       = {2002},
  pages      = {1},
  key        = {quan2 guo2 xin4 xi1},
}

@book{chubanzhuanye2004,
  author     = {全国出版专业职业资格考试办公室},
  title      = {全国出版专业职业资格考试辅导教材: 出版专业理论与实务•中级},
  edition    = {2014},
  address    = {上海},
  publisher  = {上海辞书出版社},
  year       = {2004},
  pages      = {299--307},
  key        = {quan2 guo2 chu1 ban3 ye4},
}

@techreport{who1970factors,
  author     = {{World Health Organization}},
  title      = {Factors Regulating the Immune Response: Report of {WHO Scientific Group}},
  address    = {Geneva},
  publisher  = {WHO},
  year       = {1970},
}

@book{peebles2001probability,
  author     = {Peebles, Jr, Peyton Z.},
  title      = {Probability, Random Variables, and Random Signal Principles},
  edition    = {4},
  address    = {New York},
  publisher  = {McGraw Hill},
  year       = {2001},
}

@incollection{baishunong1998zhiwu,
  author     = {白书农},
  title      = {植物开花研究},
  editor     = {李承森},
  booktitle  = {植物科学进展},
  address    = {北京},
  publisher  = {高等教育出版社},
  year       = {1998},
  pages      = {146--163},
  key        = {bai2 shu1 nong2},
}

@incollection{weinstein1974pathogenic,
  author     = {Weinstein, L and Swertz, M N},
  title      = {Pathogenic Properties of Invading Microorganism},
  editor     = {Sodeman, Jr, William A and Sodeman, William A},
  booktitle  = {Pathologic physiology: mechanisms of disease},
  address    = {Philadelphia},
  publisher  = {Saunders},
  year       = {1974},
  pages      = {745--772},
}

@inproceedings{hanjiren1985lun,
  author     = {韩吉人},
  title      = {论职工教育的特点},
  editor     = {中国职工教育研究会},
  booktitle  = {职工教育研究论文集},
  address    = {北京},
  publisher  = {人民教育出版社},
  year       = {1985},
  pages      = {90--99},
  key        = {han2 ji2 ren2},
}

@periodical{dizhi1936dizhi,
  author     = {中国地质学会},
  title      = {地质评论},
  year       = {1936},
  volume     = {1},
  number     = {1},
  address    = {北京},
  publisher  = {地质出版社},
  key        = {zhong1 guo2 di4 zhi3 xue2 hui4},
}

@periodical{tushuguan1957tushuguanxue,
  author     = {中国图书馆学会},
  title      = {图书馆学通讯},
  year       = {1957/1990},
  number     = {1--4},
  address    = {北京},
  publisher  = {北京图书馆},
  key        = {zhong1 guo2 tu2 shu1 guan3 xue2 hui4},
}

@periodical{aaas1883science,
  author     = {{American Association for the Advancement of Science}},
  title      = {Science},
  year       = {1883},
  volume     = {1},
  number     = {1},
  address    = {Washington, D.C.},
  publisher  = {American Association for the Advancement of Science},
}

@newspaper{fugang2000fengsha,
  author     = {傅刚 and 赵承 and 李佳路},
  title      = {大风沙过后的思考},
  journal    = {北京青年报},
  date       = {2000-04-12},
  number     = {14},
  urldate    = {2002-03-06},
  url        = {http://www.bjyouth.com.cn/Bqb/20000412/B/4216%5ED0412B1401.htm},
  key        = {fu4 gang1},
}

@online{xiaoyu2001chubanye,
  author     = {萧钰},
  title      = {出版业信息化迈入快车道},
  year       = {2001},
  date       = {2001-12-19},
  urldate    = {2002-04-15},
  url        = {http://www.creader.com/news/20011219/200112190019.htm},
  key        = {xiao1 yu4},
}

@online{oclc2000about,
  author     = {{Online Computer Library Center, Inc}},
  title      = {About {OCLC}: History of Cooperation},
  urldate    = {2000-01-08},
  url        = {http://www.oclc.org/about/cooperation.en.htm},
}

@software{scitor2000project,
  author     = {{Scitor Corporation}},
  title      = {Project scheduler},
  address    = {Sunnyvale, Calif.},
  publisher  = {Scitor Corporation},
  year       = {1983},
  medium     = {DK},
}
